[
  {
    "mdata": [
      {
        "codeNumber": [
          "4",
          "3",
          "0",
          "7",
          "8",
          "1",
          "5"
        ],
        "details": [
          {
            "allmoney": "0",
            "level": "一等奖",
            "money": "0",
            "num": 801,
            "piece": "0",
            "sendPrize": ""
          },
          {
            "allmoney": "281,382",
            "level": "二等奖",
            "money": "140,691",
            "num": 802,
            "piece": "2",
            "sendPrize": ""
          },
          {
            "allmoney": "275,400",
            "level": "三等奖",
            "money": "1,800",
            "num": 803,
            "piece": "153",
            "sendPrize": ""
          },
          {
            "allmoney": "581,700",
            "level": "四等奖",
            "money": "300",
            "num": 804,
            "piece": "1,939",
            "sendPrize": ""
          },
          {
            "allmoney": "533,540",
            "level": "五等奖",
            "money": "20",
            "num": 805,
            "piece": "26,677",
            "sendPrize": ""
          },
          {
            "allmoney": "1,500,730",
            "level": "六等奖",
            "money": "5",
            "num": 806,
            "piece": "300,146",
            "sendPrize": ""
          }
        ],
        "lottery": {
          "drawNews": "",
          "fTime": "",
          "isAP": 0,
          "ispool": 0,
          "lType": 8,
          "numSequence": "4 3 0 7 8 1 5",
          "numSequence_pool": "",
          "number": "4 3 0 7 8 1 5",
          "number_pool": "",
          "openTime": {
            "date": 14,
            "day": 0,
            "hours": 20,
            "minutes": 30,
            "month": 6,
            "nanos": 0,
            "seconds": 0,
            "time": 1563107400000,
            "timezoneOffset": -480,
            "year": 119
          },
          "openTime_fmt": "2019年07月14日",
          "openTime_fmt1": "20190714",
          "pool": "41,689,461.09",
          "sTime": "2019-07-12 20:25:00",
          "status": 0,
          "term": "19081",
          "totalSales": "11,643,246",
          "totalSales2": "0",
          "totlSaleNews": "",
          "verify": 0
        }
      },
      {
        "codeNumber": [
          "3",
          "2",
          "5",
          "5",
          "8",
          "1",
          "1"
        ],
        "details": [
          {
            "allmoney": "5,000,000",
            "level": "一等奖",
            "money": "5,000,000",
            "num": 801,
            "piece": "1",
            "sendPrize": ""
          },
          {
            "allmoney": "365,841",
            "level": "二等奖",
            "money": "17,421",
            "num": 802,
            "piece": "21",
            "sendPrize": ""
          },
          {
            "allmoney": "442,800",
            "level": "三等奖",
            "money": "1,800",
            "num": 803,
            "piece": "246",
            "sendPrize": ""
          },
          {
            "allmoney": "888,600",
            "level": "四等奖",
            "money": "300",
            "num": 804,
            "piece": "2,962",
            "sendPrize": ""
          },
          {
            "allmoney": "728,840",
            "level": "五等奖",
            "money": "20",
            "num": 805,
            "piece": "36,442",
            "sendPrize": ""
          },
          {
            "allmoney": "2,141,915",
            "level": "六等奖",
            "money": "5",
            "num": 806,
            "piece": "428,383",
            "sendPrize": ""
          }
        ],
        "lottery": {
          "drawNews": "",
          "fTime": "",
          "isAP": 0,
          "ispool": 0,
          "lType": 8,
          "numSequence": "3 2 5 5 8 1 1",
          "numSequence_pool": "",
          "number": "3 2 5 5 8 1 1",
          "number_pool": "",
          "openTime": {
            "date": 12,
            "day": 5,
            "hours": 20,
            "minutes": 30,
            "month": 6,
            "nanos": 0,
            "seconds": 0,
            "time": 1562934600000,
            "timezoneOffset": -480,
            "year": 119
          },
          "openTime_fmt": "2019年07月12日",
          "openTime_fmt1": "20190712",
          "pool": "39,157,022.60",
          "sTime": "2019-07-09 20:25:00",
          "status": 0,
          "term": "19080",
          "totalSales": "16,042,198",
          "totalSales2": "0",
          "totlSaleNews": "",
          "verify": 0
        }
      },
      {
        "codeNumber": [
          "9",
          "8",
          "5",
          "4",
          "2",
          "0",
          "5"
        ],
        "details": [
          {
            "allmoney": "0",
            "level": "一等奖",
            "money": "0",
            "num": 801,
            "piece": "0",
            "sendPrize": ""
          },
          {
            "allmoney": "313,870",
            "level": "二等奖",
            "money": "156,935",
            "num": 802,
            "piece": "2",
            "sendPrize": ""
          },
          {
            "allmoney": "207,000",
            "level": "三等奖",
            "money": "1,800",
            "num": 803,
            "piece": "115",
            "sendPrize": ""
          },
          {
            "allmoney": "472,500",
            "level": "四等奖",
            "money": "300",
            "num": 804,
            "piece": "1,575",
            "sendPrize": ""
          },
          {
            "allmoney": "435,040",
            "level": "五等奖",
            "money": "20",
            "num": 805,
            "piece": "21,752",
            "sendPrize": ""
          },
          {
            "allmoney": "1,339,900",
            "level": "六等奖",
            "money": "5",
            "num": 806,
            "piece": "267,980",
            "sendPrize": ""
          }
        ],
        "lottery": {
          "drawNews": "",
          "fTime": "",
          "isAP": 0,
          "ispool": 0,
          "lType": 8,
          "numSequence": "9 8 5 4 2 0 5",
          "numSequence_pool": "",
          "number": "9 8 5 4 2 0 5",
          "number_pool": "",
          "openTime": {
            "date": 9,
            "day": 2,
            "hours": 20,
            "minutes": 30,
            "month": 6,
            "nanos": 0,
            "seconds": 0,
            "time": 1562675400000,
            "timezoneOffset": -480,
            "year": 119
          },
          "openTime_fmt": "2019年07月09日",
          "openTime_fmt1": "20190709",
          "pool": "40,864,352.78",
          "sTime": "2019-07-07 20:25:00",
          "status": 0,
          "term": "19079",
          "totalSales": "11,414,586",
          "totalSales2": "0",
          "totlSaleNews": "",
          "verify": 0
        }
      },
      {
        "codeNumber": [
          "4",
          "0",
          "7",
          "0",
          "3",
          "9",
          "3"
        ],
        "details": [
          {
            "allmoney": "0",
            "level": "一等奖",
            "money": "0",
            "num": 801,
            "piece": "0",
            "sendPrize": ""
          },
          {
            "allmoney": "334,770",
            "level": "二等奖",
            "money": "33,477",
            "num": 802,
            "piece": "10",
            "sendPrize": ""
          },
          {
            "allmoney": "234,000",
            "level": "三等奖",
            "money": "1,800",
            "num": 803,
            "piece": "130",
            "sendPrize": ""
          },
          {
            "allmoney": "461,700",
            "level": "四等奖",
            "money": "300",
            "num": 804,
            "piece": "1,539",
            "sendPrize": ""
          },
          {
            "allmoney": "401,820",
            "level": "五等奖",
            "money": "20",
            "num": 805,
            "piece": "20,091",
            "sendPrize": ""
          },
          {
            "allmoney": "1,239,965",
            "level": "六等奖",
            "money": "5",
            "num": 806,
            "piece": "247,993",
            "sendPrize": ""
          }
        ],
        "lottery": {
          "drawNews": "",
          "fTime": "",
          "isAP": 0,
          "ispool": 0,
          "lType": 8,
          "numSequence": "4 0 7 0 3 9 3",
          "numSequence_pool": "",
          "number": "4 0 7 0 3 9 3",
          "number_pool": "",
          "openTime": {
            "date": 7,
            "day": 0,
            "hours": 20,
            "minutes": 30,
            "month": 6,
            "nanos": 0,
            "seconds": 0,
            "time": 1562502600000,
            "timezoneOffset": -480,
            "year": 119
          },
          "openTime_fmt": "2019年07月07日",
          "openTime_fmt1": "20190707",
          "pool": "38,039,516.35",
          "sTime": "2019-07-05 20:25:00",
          "status": 0,
          "term": "19078",
          "totalSales": "11,602,468",
          "totalSales2": "0",
          "totlSaleNews": "",
          "verify": 0
        }
      },
      {
        "codeNumber": [
          "4",
          "2",
          "5",
          "1",
          "0",
          "3",
          "4"
        ],
        "details": [
          {
            "allmoney": "0",
            "level": "一等奖",
            "money": "0",
            "num": 801,
            "piece": "0",
            "sendPrize": ""
          },
          {
            "allmoney": "341,012",
            "level": "二等奖",
            "money": "24,358",
            "num": 802,
            "piece": "14",
            "sendPrize": ""
          },
          {
            "allmoney": "480,600",
            "level": "三等奖",
            "money": "1,800",
            "num": 803,
            "piece": "267",
            "sendPrize": ""
          },
          {
            "allmoney": "1,000,500",
            "level": "四等奖",
            "money": "300",
            "num": 804,
            "piece": "3,335",
            "sendPrize": ""
          },
          {
            "allmoney": "708,480",
            "level": "五等奖",
            "money": "20",
            "num": 805,
            "piece": "35,424",
            "sendPrize": ""
          },
          {
            "allmoney": "1,997,060",
            "level": "六等奖",
            "money": "5",
            "num": 806,
            "piece": "399,412",
            "sendPrize": ""
          }
        ],
        "lottery": {
          "drawNews": "",
          "fTime": "",
          "isAP": 0,
          "ispool": 0,
          "lType": 8,
          "numSequence": "4 2 5 1 0 3 4",
          "numSequence_pool": "",
          "number": "4 2 5 1 0 3 4",
          "number_pool": "",
          "openTime": {
            "date": 5,
            "day": 5,
            "hours": 20,
            "minutes": 30,
            "month": 6,
            "nanos": 0,
            "seconds": 0,
            "time": 1562329800000,
            "timezoneOffset": -480,
            "year": 119
          },
          "openTime_fmt": "2019年07月05日",
          "openTime_fmt1": "20190705",
          "pool": "35,026,564.46",
          "sTime": "2019-07-02 20:25:00",
          "status": 0,
          "term": "19077",
          "totalSales": "15,503,624",
          "totalSales2": "0",
          "totlSaleNews": "",
          "verify": 0
        }
      },
      {
        "codeNumber": [
          "2",
          "5",
          "9",
          "7",
          "8",
          "1",
          "1"
        ],
        "details": [
          {
            "allmoney": "5,000,000",
            "level": "一等奖",
            "money": "5,000,000",
            "num": 801,
            "piece": "1",
            "sendPrize": ""
          },
          {
            "allmoney": "265,149",
            "level": "二等奖",
            "money": "29,461",
            "num": 802,
            "piece": "9",
            "sendPrize": ""
          },
          {
            "allmoney": "225,000",
            "level": "三等奖",
            "money": "1,800",
            "num": 803,
            "piece": "125",
            "sendPrize": ""
          },
          {
            "allmoney": "683,100",
            "level": "四等奖",
            "money": "300",
            "num": 804,
            "piece": "2,277",
            "sendPrize": ""
          },
          {
            "allmoney": "505,560",
            "level": "五等奖",
            "money": "20",
            "num": 805,
            "piece": "25,278",
            "sendPrize": ""
          },
          {
            "allmoney": "1,516,070",
            "level": "六等奖",
            "money": "5",
            "num": 806,
            "piece": "303,214",
            "sendPrize": ""
          }
        ],
        "lottery": {
          "drawNews": "",
          "fTime": "",
          "isAP": 0,
          "ispool": 0,
          "lType": 8,
          "numSequence": "",
          "numSequence_pool": "",
          "number": "2 5 9 7 8 1 1",
          "number_pool": "",
          "openTime": {
            "date": 2,
            "day": 2,
            "hours": 20,
            "minutes": 30,
            "month": 6,
            "nanos": 0,
            "seconds": 0,
            "time": 1562070600000,
            "timezoneOffset": -480,
            "year": 119
          },
          "openTime_fmt": "2019年07月02日",
          "openTime_fmt1": "20190702",
          "pool": "31,957,442.28",
          "sTime": "2019-06-30 20:25:00",
          "status": 0,
          "term": "19076",
          "totalSales": "11,390,426",
          "totalSales2": "0",
          "totlSaleNews": "",
          "verify": 0
        }
      },
      {
        "codeNumber": [
          "8",
          "3",
          "3",
          "2",
          "6",
          "5",
          "5"
        ],
        "details": [
          {
            "allmoney": "0.00",
            "level": "一等奖",
            "money": "0.00",
            "num": 801,
            "piece": "0",
            "sendPrize": ""
          },
          {
            "allmoney": "284,223",
            "level": "二等奖",
            "money": "16,719",
            "num": 802,
            "piece": "17",
            "sendPrize": ""
          },
          {
            "allmoney": "295,200.00",
            "level": "三等奖",
            "money": "1,800.00",
            "num": 803,
            "piece": "164",
            "sendPrize": ""
          },
          {
            "allmoney": "636,600.00",
            "level": "四等奖",
            "money": "300.00",
            "num": 804,
            "piece": "2,122",
            "sendPrize": ""
          },
          {
            "allmoney": "480,920.00",
            "level": "五等奖",
            "money": "20.00",
            "num": 805,
            "piece": "24,046",
            "sendPrize": ""
          },
          {
            "allmoney": "1,395,405.00",
            "level": "六等奖",
            "money": "5.00",
            "num": 806,
            "piece": "279,081",
            "sendPrize": ""
          }
        ],
        "lottery": {
          "drawNews": "",
          "fTime": "",
          "isAP": 0,
          "ispool": 0,
          "lType": 8,
          "numSequence": "",
          "numSequence_pool": "",
          "number": "8 3 3 2 6 5 5",
          "number_pool": "",
          "openTime": {
            "date": 30,
            "day": 0,
            "hours": 20,
            "minutes": 30,
            "month": 5,
            "nanos": 0,
            "seconds": 0,
            "time": 1561897800000,
            "timezoneOffset": -480,
            "year": 119
          },
          "openTime_fmt": "2019年06月30日",
          "openTime_fmt1": "20190630",
          "pool": "34,571,021.41",
          "sTime": "2019-06-28 20:25:00",
          "status": 0,
          "term": "19075",
          "totalSales": "11,531,416",
          "totalSales2": "0",
          "totlSaleNews": "",
          "verify": 0
        }
      },
      {
        "codeNumber": [
          "0",
          "9",
          "5",
          "6",
          "2",
          "0",
          "5"
        ],
        "details": [
          {
            "allmoney": "0.00",
            "level": "一等奖",
            "money": "0.00",
            "num": 801,
            "piece": "0",
            "sendPrize": ""
          },
          {
            "allmoney": "424,310",
            "level": "二等奖",
            "money": "42,431",
            "num": 802,
            "piece": "10",
            "sendPrize": ""
          },
          {
            "allmoney": "255,600.00",
            "level": "三等奖",
            "money": "1,800.00",
            "num": 803,
            "piece": "142",
            "sendPrize": ""
          },
          {
            "allmoney": "689,100.00",
            "level": "四等奖",
            "money": "300.00",
            "num": 804,
            "piece": "2,297",
            "sendPrize": ""
          },
          {
            "allmoney": "609,840.00",
            "level": "五等奖",
            "money": "20.00",
            "num": 805,
            "piece": "30,492",
            "sendPrize": ""
          },
          {
            "allmoney": "1,881,970.00",
            "level": "六等奖",
            "money": "5.00",
            "num": 806,
            "piece": "376,394",
            "sendPrize": ""
          }
        ],
        "lottery": {
          "drawNews": "",
          "fTime": "",
          "isAP": 0,
          "ispool": 0,
          "lType": 8,
          "numSequence": "",
          "numSequence_pool": "",
          "number": "0 9 5 6 2 0 5",
          "number_pool": "",
          "openTime": {
            "date": 28,
            "day": 5,
            "hours": 20,
            "minutes": 30,
            "month": 5,
            "nanos": 0,
            "seconds": 0,
            "time": 1561725000000,
            "timezoneOffset": -480,
            "year": 119
          },
          "openTime_fmt": "2019年06月28日",
          "openTime_fmt1": "20190628",
          "pool": "32,012,979.45",
          "sTime": "2019-06-25 20:25:00",
          "status": 0,
          "term": "19074",
          "totalSales": "15,672,876",
          "totalSales2": "0",
          "totlSaleNews": "",
          "verify": 0
        }
      },
      {
        "codeNumber": [
          "2",
          "2",
          "4",
          "5",
          "5",
          "2",
          "9"
        ],
        "details": [
          {
            "allmoney": "0.00",
            "level": "一等奖",
            "money": "0.00",
            "num": 801,
            "piece": "0",
            "sendPrize": ""
          },
          {
            "allmoney": "283,185",
            "level": "二等奖",
            "money": "18,879",
            "num": 802,
            "piece": "15",
            "sendPrize": ""
          },
          {
            "allmoney": "225,000.00",
            "level": "三等奖",
            "money": "1,800.00",
            "num": 803,
            "piece": "125",
            "sendPrize": ""
          },
          {
            "allmoney": "525,600.00",
            "level": "四等奖",
            "money": "300.00",
            "num": 804,
            "piece": "1,752",
            "sendPrize": ""
          },
          {
            "allmoney": "465,880.00",
            "level": "五等奖",
            "money": "20.00",
            "num": 805,
            "piece": "23,294",
            "sendPrize": ""
          },
          {
            "allmoney": "1,426,105.00",
            "level": "六等奖",
            "money": "5.00",
            "num": 806,
            "piece": "285,221",
            "sendPrize": ""
          }
        ],
        "lottery": {
          "drawNews": "",
          "fTime": "",
          "isAP": 0,
          "ispool": 0,
          "lType": 8,
          "numSequence": "",
          "numSequence_pool": "",
          "number": "2 2 4 5 5 2 9",
          "number_pool": "",
          "openTime": {
            "date": 25,
            "day": 2,
            "hours": 20,
            "minutes": 30,
            "month": 5,
            "nanos": 0,
            "seconds": 0,
            "time": 1561465800000,
            "timezoneOffset": -480,
            "year": 119
          },
          "openTime_fmt": "2019年06月25日",
          "openTime_fmt1": "20190625",
          "pool": "28,194,100.13",
          "sTime": "2019-06-23 20:25:00",
          "status": 0,
          "term": "19073",
          "totalSales": "11,172,348",
          "totalSales2": "0",
          "totlSaleNews": "",
          "verify": 0
        }
      },
      {
        "codeNumber": [
          "8",
          "6",
          "1",
          "0",
          "4",
          "9",
          "6"
        ],
        "details": [
          {
            "allmoney": "0.00",
            "level": "一等奖",
            "money": "0.00",
            "num": 801,
            "piece": "0",
            "sendPrize": ""
          },
          {
            "allmoney": "287,448",
            "level": "二等奖",
            "money": "41,064",
            "num": 802,
            "piece": "7",
            "sendPrize": ""
          },
          {
            "allmoney": "201,600.00",
            "level": "三等奖",
            "money": "1,800.00",
            "num": 803,
            "piece": "112",
            "sendPrize": ""
          },
          {
            "allmoney": "540,300.00",
            "level": "四等奖",
            "money": "300.00",
            "num": 804,
            "piece": "1,801",
            "sendPrize": ""
          },
          {
            "allmoney": "471,980.00",
            "level": "五等奖",
            "money": "20.00",
            "num": 805,
            "piece": "23,599",
            "sendPrize": ""
          },
          {
            "allmoney": "1,436,310.00",
            "level": "六等奖",
            "money": "5.00",
            "num": 806,
            "piece": "287,262",
            "sendPrize": ""
          }
        ],
        "lottery": {
          "drawNews": "",
          "fTime": "",
          "isAP": 0,
          "ispool": 0,
          "lType": 8,
          "numSequence": "",
          "numSequence_pool": "",
          "number": "8 6 1 0 4 9 6",
          "number_pool": "",
          "openTime": {
            "date": 23,
            "day": 0,
            "hours": 20,
            "minutes": 30,
            "month": 5,
            "nanos": 0,
            "seconds": 0,
            "time": 1561293000000,
            "timezoneOffset": -480,
            "year": 119
          },
          "openTime_fmt": "2019年06月23日",
          "openTime_fmt1": "20190623",
          "pool": "25,645,421.16",
          "sTime": "2019-06-21 20:25:00",
          "status": 0,
          "term": "19072",
          "totalSales": "11,274,898",
          "totalSales2": "0",
          "totlSaleNews": "",
          "verify": 0
        }
      },
      {
        "codeNumber": [
          "2",
          "4",
          "9",
          "8",
          "4",
          "8",
          "2"
        ],
        "details": [
          {
            "allmoney": "5,000,000",
            "level": "一等奖",
            "money": "5,000,000",
            "num": 801,
            "piece": "1",
            "sendPrize": ""
          },
          {
            "allmoney": "423,312",
            "level": "二等奖",
            "money": "52,914",
            "num": 802,
            "piece": "8",
            "sendPrize": ""
          },
          {
            "allmoney": "293,400.00",
            "level": "三等奖",
            "money": "1,800.00",
            "num": 803,
            "piece": "163",
            "sendPrize": ""
          },
          {
            "allmoney": "700,800.00",
            "level": "四等奖",
            "money": "300.00",
            "num": 804,
            "piece": "2,336",
            "sendPrize": ""
          },
          {
            "allmoney": "569,740.00",
            "level": "五等奖",
            "money": "20.00",
            "num": 805,
            "piece": "28,487",
            "sendPrize": ""
          },
          {
            "allmoney": "1,821,115.00",
            "level": "六等奖",
            "money": "5.00",
            "num": 806,
            "piece": "364,223",
            "sendPrize": ""
          }
        ],
        "lottery": {
          "drawNews": "",
          "fTime": "",
          "isAP": 0,
          "ispool": 0,
          "lType": 8,
          "numSequence": "",
          "numSequence_pool": "",
          "number": "2 4 9 8 4 8 2",
          "number_pool": "",
          "openTime": {
            "date": 21,
            "day": 5,
            "hours": 20,
            "minutes": 30,
            "month": 5,
            "nanos": 0,
            "seconds": 0,
            "time": 1561120200000,
            "timezoneOffset": -480,
            "year": 119
          },
          "openTime_fmt": "2019年06月21日",
          "openTime_fmt1": "20190621",
          "pool": "23,058,362.14",
          "sTime": "2019-06-18 20:25:00",
          "status": 0,
          "term": "19071",
          "totalSales": "15,547,326",
          "totalSales2": "0",
          "totlSaleNews": "",
          "verify": 0
        }
      },
      {
        "codeNumber": [
          "4",
          "2",
          "4",
          "9",
          "9",
          "7",
          "2"
        ],
        "details": [
          {
            "allmoney": "5,000,000",
            "level": "一等奖",
            "money": "5,000,000",
            "num": 801,
            "piece": "1",
            "sendPrize": ""
          },
          {
            "allmoney": "333,396",
            "level": "二等奖",
            "money": "37,044",
            "num": 802,
            "piece": "9",
            "sendPrize": ""
          },
          {
            "allmoney": "154,800.00",
            "level": "三等奖",
            "money": "1,800.00",
            "num": 803,
            "piece": "86",
            "sendPrize": ""
          },
          {
            "allmoney": "412,200.00",
            "level": "四等奖",
            "money": "300.00",
            "num": 804,
            "piece": "1,374",
            "sendPrize": ""
          },
          {
            "allmoney": "375,760.00",
            "level": "五等奖",
            "money": "20.00",
            "num": 805,
            "piece": "18,788",
            "sendPrize": ""
          },
          {
            "allmoney": "1,233,235.00",
            "level": "六等奖",
            "money": "5.00",
            "num": 806,
            "piece": "246,647",
            "sendPrize": ""
          }
        ],
        "lottery": {
          "drawNews": "",
          "fTime": "",
          "isAP": 0,
          "ispool": 0,
          "lType": 8,
          "numSequence": "",
          "numSequence_pool": "",
          "number": "4 2 4 9 9 7 2",
          "number_pool": "",
          "openTime": {
            "date": 18,
            "day": 2,
            "hours": 20,
            "minutes": 30,
            "month": 5,
            "nanos": 0,
            "seconds": 0,
            "time": 1560861000000,
            "timezoneOffset": -480,
            "year": 119
          },
          "openTime_fmt": "2019年06月18日",
          "openTime_fmt1": "20190618",
          "pool": "24,248,540.87",
          "sTime": "2019-06-16 20:25:00",
          "status": 0,
          "term": "19070",
          "totalSales": "11,244,826",
          "totalSales2": "0",
          "totlSaleNews": "",
          "verify": 0
        }
      },
      {
        "codeNumber": [
          "6",
          "6",
          "8",
          "0",
          "1",
          "4",
          "7"
        ],
        "details": [
          {
            "allmoney": "0.00",
            "level": "一等奖",
            "money": "0.00",
            "num": 801,
            "piece": "0",
            "sendPrize": ""
          },
          {
            "allmoney": "281,496",
            "level": "二等奖",
            "money": "70,374",
            "num": 802,
            "piece": "4",
            "sendPrize": ""
          },
          {
            "allmoney": "286,200.00",
            "level": "三等奖",
            "money": "1,800.00",
            "num": 803,
            "piece": "159",
            "sendPrize": ""
          },
          {
            "allmoney": "531,900.00",
            "level": "四等奖",
            "money": "300.00",
            "num": 804,
            "piece": "1,773",
            "sendPrize": ""
          },
          {
            "allmoney": "519,440.00",
            "level": "五等奖",
            "money": "20.00",
            "num": 805,
            "piece": "25,972",
            "sendPrize": ""
          },
          {
            "allmoney": "1,442,650.00",
            "level": "六等奖",
            "money": "5.00",
            "num": 806,
            "piece": "288,530",
            "sendPrize": ""
          }
        ],
        "lottery": {
          "drawNews": "",
          "fTime": "",
          "isAP": 0,
          "ispool": 0,
          "lType": 8,
          "numSequence": "",
          "numSequence_pool": "",
          "number": "6 6 8 0 1 4 7",
          "number_pool": "",
          "openTime": {
            "date": 16,
            "day": 0,
            "hours": 20,
            "minutes": 30,
            "month": 5,
            "nanos": 0,
            "seconds": 0,
            "time": 1560688200000,
            "timezoneOffset": -480,
            "year": 119
          },
          "openTime_fmt": "2019年06月16日",
          "openTime_fmt1": "20190616",
          "pool": "26,247,968.10",
          "sTime": "2019-06-14 20:25:00",
          "status": 0,
          "term": "19069",
          "totalSales": "11,418,752",
          "totalSales2": "0",
          "totlSaleNews": "",
          "verify": 0
        }
      },
      {
        "codeNumber": [
          "6",
          "6",
          "3",
          "3",
          "8",
          "0",
          "9"
        ],
        "details": [
          {
            "allmoney": "0.00",
            "level": "一等奖",
            "money": "0.00",
            "num": 801,
            "piece": "0",
            "sendPrize": ""
          },
          {
            "allmoney": "405,590",
            "level": "二等奖",
            "money": "40,559",
            "num": 802,
            "piece": "10",
            "sendPrize": ""
          },
          {
            "allmoney": "345,600.00",
            "level": "三等奖",
            "money": "1,800.00",
            "num": 803,
            "piece": "192",
            "sendPrize": ""
          },
          {
            "allmoney": "683,400.00",
            "level": "四等奖",
            "money": "300.00",
            "num": 804,
            "piece": "2,278",
            "sendPrize": ""
          },
          {
            "allmoney": "600,680.00",
            "level": "五等奖",
            "money": "20.00",
            "num": 805,
            "piece": "30,034",
            "sendPrize": ""
          },
          {
            "allmoney": "1,820,140.00",
            "level": "六等奖",
            "money": "5.00",
            "num": 806,
            "piece": "364,028",
            "sendPrize": ""
          }
        ],
        "lottery": {
          "drawNews": "",
          "fTime": "",
          "isAP": 0,
          "ispool": 0,
          "lType": 8,
          "numSequence": "",
          "numSequence_pool": "",
          "number": "6 6 3 3 8 0 9",
          "number_pool": "",
          "openTime": {
            "date": 14,
            "day": 5,
            "hours": 20,
            "minutes": 30,
            "month": 5,
            "nanos": 0,
            "seconds": 0,
            "time": 1560515400000,
            "timezoneOffset": -480,
            "year": 119
          },
          "openTime_fmt": "2019年06月14日",
          "openTime_fmt1": "20190614",
          "pool": "23,714,469.47",
          "sTime": "2019-06-11 20:25:00",
          "status": 0,
          "term": "19068",
          "totalSales": "15,317,978",
          "totalSales2": "0",
          "totlSaleNews": "",
          "verify": 0
        }
      },
      {
        "codeNumber": [
          "0",
          "8",
          "8",
          "5",
          "9",
          "7",
          "4"
        ],
        "details": [
          {
            "allmoney": "5,000,000",
            "level": "一等奖",
            "money": "5,000,000",
            "num": 801,
            "piece": "1",
            "sendPrize": ""
          },
          {
            "allmoney": "287,415",
            "level": "二等奖",
            "money": "31,935",
            "num": 802,
            "piece": "9",
            "sendPrize": ""
          },
          {
            "allmoney": "325,800.00",
            "level": "三等奖",
            "money": "1,800.00",
            "num": 803,
            "piece": "181",
            "sendPrize": ""
          },
          {
            "allmoney": "533,700.00",
            "level": "四等奖",
            "money": "300.00",
            "num": 804,
            "piece": "1,779",
            "sendPrize": ""
          },
          {
            "allmoney": "426,680.00",
            "level": "五等奖",
            "money": "20.00",
            "num": 805,
            "piece": "21,334",
            "sendPrize": ""
          },
          {
            "allmoney": "1,272,830.00",
            "level": "六等奖",
            "money": "5.00",
            "num": 806,
            "piece": "254,566",
            "sendPrize": ""
          }
        ],
        "lottery": {
          "drawNews": "",
          "fTime": "",
          "isAP": 0,
          "ispool": 0,
          "lType": 8,
          "numSequence": "",
          "numSequence_pool": "",
          "number": "0 8 8 5 9 7 4",
          "number_pool": "",
          "openTime": {
            "date": 11,
            "day": 2,
            "hours": 20,
            "minutes": 30,
            "month": 5,
            "nanos": 0,
            "seconds": 0,
            "time": 1560256200000,
            "timezoneOffset": -480,
            "year": 119
          },
          "openTime_fmt": "2019年06月11日",
          "openTime_fmt1": "20190611",
          "pool": "20,064,079.17",
          "sTime": "2019-06-09 20:25:00",
          "status": 0,
          "term": "19067",
          "totalSales": "11,088,120",
          "totalSales2": "0",
          "totlSaleNews": "",
          "verify": 0
        }
      },
      {
        "codeNumber": [
          "6",
          "7",
          "7",
          "8",
          "6",
          "1",
          "0"
        ],
        "details": [
          {
            "allmoney": "5,000,000",
            "level": "一等奖",
            "money": "5,000,000",
            "num": 801,
            "piece": "1",
            "sendPrize": ""
          },
          {
            "allmoney": "258,240",
            "level": "二等奖",
            "money": "43,040",
            "num": 802,
            "piece": "6",
            "sendPrize": ""
          },
          {
            "allmoney": "313,200.00",
            "level": "三等奖",
            "money": "1,800.00",
            "num": 803,
            "piece": "174",
            "sendPrize": ""
          },
          {
            "allmoney": "627,900.00",
            "level": "四等奖",
            "money": "300.00",
            "num": 804,
            "piece": "2,093",
            "sendPrize": ""
          },
          {
            "allmoney": "520,140.00",
            "level": "五等奖",
            "money": "20.00",
            "num": 805,
            "piece": "26,007",
            "sendPrize": ""
          },
          {
            "allmoney": "1,495,360.00",
            "level": "六等奖",
            "money": "5.00",
            "num": 806,
            "piece": "299,072",
            "sendPrize": ""
          }
        ],
        "lottery": {
          "drawNews": "",
          "fTime": "",
          "isAP": 0,
          "ispool": 0,
          "lType": 8,
          "numSequence": "",
          "numSequence_pool": "",
          "number": "6 7 7 8 6 1 0",
          "number_pool": "",
          "openTime": {
            "date": 9,
            "day": 0,
            "hours": 20,
            "minutes": 30,
            "month": 5,
            "nanos": 0,
            "seconds": 0,
            "time": 1560083400000,
            "timezoneOffset": -480,
            "year": 119
          },
          "openTime_fmt": "2019年06月09日",
          "openTime_fmt1": "20190609",
          "pool": "22,477,327.25",
          "sTime": "2019-06-07 20:25:00",
          "status": 0,
          "term": "19066",
          "totalSales": "11,304,188",
          "totalSales2": "0",
          "totlSaleNews": "",
          "verify": 0
        }
      },
      {
        "codeNumber": [
          "4",
          "3",
          "3",
          "6",
          "2",
          "2",
          "7"
        ],
        "details": [
          {
            "allmoney": "10,000,000",
            "level": "一等奖",
            "money": "5,000,000",
            "num": 801,
            "piece": "2",
            "sendPrize": ""
          },
          {
            "allmoney": "355,280",
            "level": "二等奖",
            "money": "71,056",
            "num": 802,
            "piece": "5",
            "sendPrize": ""
          },
          {
            "allmoney": "358,200.00",
            "level": "三等奖",
            "money": "1,800.00",
            "num": 803,
            "piece": "199",
            "sendPrize": ""
          },
          {
            "allmoney": "747,000.00",
            "level": "四等奖",
            "money": "300.00",
            "num": 804,
            "piece": "2,490",
            "sendPrize": ""
          },
          {
            "allmoney": "671,760.00",
            "level": "五等奖",
            "money": "20.00",
            "num": 805,
            "piece": "33,588",
            "sendPrize": ""
          },
          {
            "allmoney": "2,018,645.00",
            "level": "六等奖",
            "money": "5.00",
            "num": 806,
            "piece": "403,729",
            "sendPrize": ""
          }
        ],
        "lottery": {
          "drawNews": "",
          "fTime": "",
          "isAP": 0,
          "ispool": 0,
          "lType": 8,
          "numSequence": "",
          "numSequence_pool": "",
          "number": "4 3 3 6 2 2 7",
          "number_pool": "",
          "openTime": {
            "date": 7,
            "day": 5,
            "hours": 20,
            "minutes": 30,
            "month": 5,
            "nanos": 0,
            "seconds": 0,
            "time": 1559910600000,
            "timezoneOffset": -480,
            "year": 119
          },
          "openTime_fmt": "2019年06月07日",
          "openTime_fmt1": "20190607",
          "pool": "25,153,120.34",
          "sTime": "2019-06-04 20:25:00",
          "status": 0,
          "term": "19065",
          "totalSales": "14,996,818",
          "totalSales2": "0",
          "totlSaleNews": "",
          "verify": 0
        }
      },
      {
        "codeNumber": [
          "1",
          "7",
          "1",
          "2",
          "2",
          "3",
          "3"
        ],
        "details": [
          {
            "allmoney": "10,000,000",
            "level": "一等奖",
            "money": "5,000,000",
            "num": 801,
            "piece": "2",
            "sendPrize": ""
          },
          {
            "allmoney": "208,676",
            "level": "二等奖",
            "money": "16,052",
            "num": 802,
            "piece": "13",
            "sendPrize": ""
          },
          {
            "allmoney": "595,800",
            "level": "三等奖",
            "money": "1,800",
            "num": 803,
            "piece": "331",
            "sendPrize": ""
          },
          {
            "allmoney": "897,900",
            "level": "四等奖",
            "money": "300",
            "num": 804,
            "piece": "2,993",
            "sendPrize": ""
          },
          {
            "allmoney": "602,440",
            "level": "五等奖",
            "money": "20",
            "num": 805,
            "piece": "30,122",
            "sendPrize": ""
          },
          {
            "allmoney": "1,499,915",
            "level": "六等奖",
            "money": "5",
            "num": 806,
            "piece": "299,983",
            "sendPrize": ""
          }
        ],
        "lottery": {
          "drawNews": "",
          "fTime": "",
          "isAP": 0,
          "ispool": 0,
          "lType": 8,
          "numSequence": "1 7 1 2 2 3 3",
          "numSequence_pool": "",
          "number": "1 7 1 2 2 3 3",
          "number_pool": "",
          "openTime": {
            "date": 4,
            "day": 2,
            "hours": 20,
            "minutes": 30,
            "month": 5,
            "nanos": 0,
            "seconds": 0,
            "time": 1559651400000,
            "timezoneOffset": -480,
            "year": 119
          },
          "openTime_fmt": "2019年06月04日",
          "openTime_fmt1": "20190604",
          "pool": "31,955,568.10",
          "sTime": "2019-06-02 20:25:00",
          "status": 0,
          "term": "19064",
          "totalSales": "11,597,760",
          "totalSales2": "0",
          "totlSaleNews": "",
          "verify": 0
        }
      },
      {
        "codeNumber": [
          "1",
          "2",
          "8",
          "2",
          "6",
          "4",
          "8"
        ],
        "details": [
          {
            "allmoney": "0",
            "level": "一等奖",
            "money": "0",
            "num": 801,
            "piece": "0",
            "sendPrize": ""
          },
          {
            "allmoney": "301,980",
            "level": "二等奖",
            "money": "75,495",
            "num": 802,
            "piece": "4",
            "sendPrize": ""
          },
          {
            "allmoney": "198,000",
            "level": "三等奖",
            "money": "1,800",
            "num": 803,
            "piece": "110",
            "sendPrize": ""
          },
          {
            "allmoney": "587,100",
            "level": "四等奖",
            "money": "300",
            "num": 804,
            "piece": "1,957",
            "sendPrize": ""
          },
          {
            "allmoney": "469,980",
            "level": "五等奖",
            "money": "20",
            "num": 805,
            "piece": "23,499",
            "sendPrize": ""
          },
          {
            "allmoney": "1,464,590",
            "level": "六等奖",
            "money": "5",
            "num": 806,
            "piece": "292,918",
            "sendPrize": ""
          }
        ],
        "lottery": {
          "drawNews": "",
          "fTime": "",
          "isAP": 0,
          "ispool": 0,
          "lType": 8,
          "numSequence": "1 2 8 2 6 4 8",
          "numSequence_pool": "",
          "number": "1 2 8 2 6 4 8",
          "number_pool": "",
          "openTime": {
            "date": 2,
            "day": 0,
            "hours": 20,
            "minutes": 30,
            "month": 5,
            "nanos": 0,
            "seconds": 0,
            "time": 1559478600000,
            "timezoneOffset": -480,
            "year": 119
          },
          "openTime_fmt": "2019年06月02日",
          "openTime_fmt1": "20190602",
          "pool": "40,077,405.44",
          "sTime": "2019-05-31 20:25:00",
          "status": 0,
          "term": "19063",
          "totalSales": "11,713,276",
          "totalSales2": "0",
          "totlSaleNews": "",
          "verify": 0
        }
      },
      {
        "codeNumber": [
          "5",
          "4",
          "7",
          "4",
          "1",
          "2",
          "8"
        ],
        "details": [
          {
            "allmoney": "0",
            "level": "一等奖",
            "money": "0",
            "num": 801,
            "piece": "0",
            "sendPrize": ""
          },
          {
            "allmoney": "347,211",
            "level": "二等奖",
            "money": "38,579",
            "num": 802,
            "piece": "9",
            "sendPrize": ""
          },
          {
            "allmoney": "417,600",
            "level": "三等奖",
            "money": "1,800",
            "num": 803,
            "piece": "232",
            "sendPrize": ""
          },
          {
            "allmoney": "921,600",
            "level": "四等奖",
            "money": "300",
            "num": 804,
            "piece": "3,072",
            "sendPrize": ""
          },
          {
            "allmoney": "806,020",
            "level": "五等奖",
            "money": "20",
            "num": 805,
            "piece": "40,301",
            "sendPrize": ""
          },
          {
            "allmoney": "2,152,270",
            "level": "六等奖",
            "money": "5",
            "num": 806,
            "piece": "430,454",
            "sendPrize": ""
          }
        ],
        "lottery": {
          "drawNews": "",
          "fTime": "",
          "isAP": 0,
          "ispool": 0,
          "lType": 8,
          "numSequence": "5 4 7 4 1 2 8",
          "numSequence_pool": "",
          "number": "5 4 7 4 1 2 8",
          "number_pool": "",
          "openTime": {
            "date": 31,
            "day": 5,
            "hours": 20,
            "minutes": 30,
            "month": 4,
            "nanos": 0,
            "seconds": 0,
            "time": 1559305800000,
            "timezoneOffset": -480,
            "year": 119
          },
          "openTime_fmt": "2019年05月31日",
          "openTime_fmt1": "20190531",
          "pool": "37,359,553.72",
          "sTime": "2019-05-28 20:25:00",
          "status": 0,
          "term": "19062",
          "totalSales": "15,856,328",
          "totalSales2": "0",
          "totlSaleNews": "",
          "verify": 0
        }
      },
      {
        "codeNumber": [
          "2",
          "9",
          "8",
          "8",
          "9",
          "6",
          "7"
        ],
        "details": [
          {
            "allmoney": "0",
            "level": "一等奖",
            "money": "0",
            "num": 801,
            "piece": "0",
            "sendPrize": ""
          },
          {
            "allmoney": "251,478",
            "level": "二等奖",
            "money": "27,942",
            "num": 802,
            "piece": "9",
            "sendPrize": ""
          },
          {
            "allmoney": "243,000",
            "level": "三等奖",
            "money": "1,800",
            "num": 803,
            "piece": "135",
            "sendPrize": ""
          },
          {
            "allmoney": "724,500",
            "level": "四等奖",
            "money": "300",
            "num": 804,
            "piece": "2,415",
            "sendPrize": ""
          },
          {
            "allmoney": "540,740",
            "level": "五等奖",
            "money": "20",
            "num": 805,
            "piece": "27,037",
            "sendPrize": ""
          },
          {
            "allmoney": "1,580,660",
            "level": "六等奖",
            "money": "5",
            "num": 806,
            "piece": "316,132",
            "sendPrize": ""
          }
        ],
        "lottery": {
          "drawNews": "",
          "fTime": "",
          "isAP": 0,
          "ispool": 0,
          "lType": 8,
          "numSequence": "2 9 8 8 9 6 7",
          "numSequence_pool": "",
          "number": "2 9 8 8 9 6 7",
          "number_pool": "",
          "openTime": {
            "date": 28,
            "day": 2,
            "hours": 20,
            "minutes": 30,
            "month": 4,
            "nanos": 0,
            "seconds": 0,
            "time": 1559046600000,
            "timezoneOffset": -480,
            "year": 119
          },
          "openTime_fmt": "2019年05月28日",
          "openTime_fmt1": "20190528",
          "pool": "34,234,654.07",
          "sTime": "2019-05-26 20:25:00",
          "status": 0,
          "term": "19061",
          "totalSales": "11,436,084",
          "totalSales2": "0",
          "totlSaleNews": "",
          "verify": 0
        }
      },
      {
        "codeNumber": [
          "1",
          "8",
          "4",
          "7",
          "9",
          "2",
          "8"
        ],
        "details": [
          {
            "allmoney": "5,000,000",
            "level": "一等奖",
            "money": "5,000,000",
            "num": 801,
            "piece": "1",
            "sendPrize": ""
          },
          {
            "allmoney": "288,310",
            "level": "二等奖",
            "money": "144,155",
            "num": 802,
            "piece": "2",
            "sendPrize": ""
          },
          {
            "allmoney": "266,400",
            "level": "三等奖",
            "money": "1,800",
            "num": 803,
            "piece": "148",
            "sendPrize": ""
          },
          {
            "allmoney": "566,100",
            "level": "四等奖",
            "money": "300",
            "num": 804,
            "piece": "1,887",
            "sendPrize": ""
          },
          {
            "allmoney": "461,500",
            "level": "五等奖",
            "money": "20",
            "num": 805,
            "piece": "23,075",
            "sendPrize": ""
          },
          {
            "allmoney": "1,478,205",
            "level": "六等奖",
            "money": "5",
            "num": 806,
            "piece": "295,641",
            "sendPrize": ""
          }
        ],
        "lottery": {
          "drawNews": "",
          "fTime": "",
          "isAP": 0,
          "ispool": 0,
          "lType": 8,
          "numSequence": "1 8 4 7 9 2 8",
          "numSequence_pool": "",
          "number": "1 8 4 7 9 2 8",
          "number_pool": "",
          "openTime": {
            "date": 26,
            "day": 0,
            "hours": 20,
            "minutes": 30,
            "month": 4,
            "nanos": 0,
            "seconds": 0,
            "time": 1558873800000,
            "timezoneOffset": -480,
            "year": 119
          },
          "openTime_fmt": "2019年05月26日",
          "openTime_fmt1": "20190526",
          "pool": "31,971,351.03",
          "sTime": "2019-05-24 20:25:00",
          "status": 0,
          "term": "19060",
          "totalSales": "11,541,476",
          "totalSales2": "0",
          "totlSaleNews": "",
          "verify": 0
        }
      },
      {
        "codeNumber": [
          "0",
          "1",
          "9",
          "7",
          "0",
          "2",
          "6"
        ],
        "details": [
          {
            "allmoney": "0",
            "level": "一等奖",
            "money": "0",
            "num": 801,
            "piece": "0",
            "sendPrize": ""
          },
          {
            "allmoney": "419,958",
            "level": "二等奖",
            "money": "19,998",
            "num": 802,
            "piece": "21",
            "sendPrize": ""
          },
          {
            "allmoney": "243,000",
            "level": "三等奖",
            "money": "1,800",
            "num": 803,
            "piece": "135",
            "sendPrize": ""
          },
          {
            "allmoney": "722,700",
            "level": "四等奖",
            "money": "300",
            "num": 804,
            "piece": "2,409",
            "sendPrize": ""
          },
          {
            "allmoney": "620,200",
            "level": "五等奖",
            "money": "20",
            "num": 805,
            "piece": "31,010",
            "sendPrize": ""
          },
          {
            "allmoney": "2,029,195",
            "level": "六等奖",
            "money": "5",
            "num": 806,
            "piece": "405,839",
            "sendPrize": ""
          }
        ],
        "lottery": {
          "drawNews": "",
          "fTime": "",
          "isAP": 0,
          "ispool": 0,
          "lType": 8,
          "numSequence": "0 1 9 7 0 2 6",
          "numSequence_pool": "",
          "number": "0 1 9 7 0 2 6",
          "number_pool": "",
          "openTime": {
            "date": 24,
            "day": 5,
            "hours": 20,
            "minutes": 30,
            "month": 4,
            "nanos": 0,
            "seconds": 0,
            "time": 1558701000000,
            "timezoneOffset": -480,
            "year": 119
          },
          "openTime_fmt": "2019年05月24日",
          "openTime_fmt1": "20190524",
          "pool": "34,376,544.61",
          "sTime": "2019-05-21 20:25:00",
          "status": 0,
          "term": "19059",
          "totalSales": "15,948,630",
          "totalSales2": "0",
          "totlSaleNews": "",
          "verify": 0
        }
      },
      {
        "codeNumber": [
          "5",
          "8",
          "9",
          "9",
          "5",
          "1",
          "8"
        ],
        "details": [
          {
            "allmoney": "5,000,000",
            "level": "一等奖",
            "money": "5,000,000",
            "num": 801,
            "piece": "1",
            "sendPrize": ""
          },
          {
            "allmoney": "210,089",
            "level": "二等奖",
            "money": "19,099",
            "num": 802,
            "piece": "11",
            "sendPrize": ""
          },
          {
            "allmoney": "390,600",
            "level": "三等奖",
            "money": "1,800",
            "num": 803,
            "piece": "217",
            "sendPrize": ""
          },
          {
            "allmoney": "836,700",
            "level": "四等奖",
            "money": "300",
            "num": 804,
            "piece": "2,789",
            "sendPrize": ""
          },
          {
            "allmoney": "643,040",
            "level": "五等奖",
            "money": "20",
            "num": 805,
            "piece": "32,152",
            "sendPrize": ""
          },
          {
            "allmoney": "1,716,600",
            "level": "六等奖",
            "money": "5",
            "num": 806,
            "piece": "343,320",
            "sendPrize": ""
          }
        ],
        "lottery": {
          "drawNews": "",
          "fTime": "",
          "isAP": 0,
          "ispool": 0,
          "lType": 8,
          "numSequence": "5 8 9 9 5 1 8",
          "numSequence_pool": "",
          "number": "5 8 9 9 5 1 8",
          "number_pool": "",
          "openTime": {
            "date": 21,
            "day": 2,
            "hours": 20,
            "minutes": 30,
            "month": 4,
            "nanos": 0,
            "seconds": 0,
            "time": 1558441800000,
            "timezoneOffset": -480,
            "year": 119
          },
          "openTime_fmt": "2019年05月21日",
          "openTime_fmt1": "20190521",
          "pool": "30,596,784.28",
          "sTime": "2019-05-19 20:25:00",
          "status": 0,
          "term": "19058",
          "totalSales": "11,607,830",
          "totalSales2": "0",
          "totlSaleNews": "",
          "verify": 0
        }
      },
      {
        "codeNumber": [
          "9",
          "9",
          "7",
          "5",
          "2",
          "0",
          "3"
        ],
        "details": [
          {
            "allmoney": "0",
            "level": "一等奖",
            "money": "0",
            "num": 801,
            "piece": "0",
            "sendPrize": ""
          },
          {
            "allmoney": "276,822",
            "level": "二等奖",
            "money": "21,294",
            "num": 802,
            "piece": "13",
            "sendPrize": ""
          },
          {
            "allmoney": "315,000",
            "level": "三等奖",
            "money": "1,800",
            "num": 803,
            "piece": "175",
            "sendPrize": ""
          },
          {
            "allmoney": "618,900",
            "level": "四等奖",
            "money": "300",
            "num": 804,
            "piece": "2,063",
            "sendPrize": ""
          },
          {
            "allmoney": "503,200",
            "level": "五等奖",
            "money": "20",
            "num": 805,
            "piece": "25,160",
            "sendPrize": ""
          },
          {
            "allmoney": "1,497,310",
            "level": "六等奖",
            "money": "5",
            "num": 806,
            "piece": "299,462",
            "sendPrize": ""
          }
        ],
        "lottery": {
          "drawNews": "",
          "fTime": "",
          "isAP": 0,
          "ispool": 0,
          "lType": 8,
          "numSequence": "9 9 7 5 2 0 3",
          "numSequence_pool": "",
          "number": "9 9 7 5 2 0 3",
          "number_pool": "",
          "openTime": {
            "date": 19,
            "day": 0,
            "hours": 20,
            "minutes": 30,
            "month": 4,
            "nanos": 0,
            "seconds": 0,
            "time": 1558269000000,
            "timezoneOffset": -480,
            "year": 119
          },
          "openTime_fmt": "2019年05月19日",
          "openTime_fmt1": "20190519",
          "pool": "33,705,977.25",
          "sTime": "2019-05-17 20:25:00",
          "status": 0,
          "term": "19057",
          "totalSales": "11,638,152",
          "totalSales2": "0",
          "totlSaleNews": "",
          "verify": 0
        }
      },
      {
        "codeNumber": [
          "6",
          "7",
          "7",
          "6",
          "4",
          "4",
          "2"
        ],
        "details": [
          {
            "allmoney": "0",
            "level": "一等奖",
            "money": "0",
            "num": 801,
            "piece": "0",
            "sendPrize": ""
          },
          {
            "allmoney": "443,632",
            "level": "二等奖",
            "money": "26,096",
            "num": 802,
            "piece": "17",
            "sendPrize": ""
          },
          {
            "allmoney": "261,000",
            "level": "三等奖",
            "money": "1,800",
            "num": 803,
            "piece": "145",
            "sendPrize": ""
          },
          {
            "allmoney": "683,100",
            "level": "四等奖",
            "money": "300",
            "num": 804,
            "piece": "2,277",
            "sendPrize": ""
          },
          {
            "allmoney": "564,680",
            "level": "五等奖",
            "money": "20",
            "num": 805,
            "piece": "28,234",
            "sendPrize": ""
          },
          {
            "allmoney": "1,807,345",
            "level": "六等奖",
            "money": "5",
            "num": 806,
            "piece": "361,469",
            "sendPrize": ""
          }
        ],
        "lottery": {
          "drawNews": "",
          "fTime": "",
          "isAP": 0,
          "ispool": 0,
          "lType": 8,
          "numSequence": "6 7 7 6 4 4 2",
          "numSequence_pool": "",
          "number": "6 7 7 6 4 4 2",
          "number_pool": "",
          "openTime": {
            "date": 17,
            "day": 5,
            "hours": 20,
            "minutes": 30,
            "month": 4,
            "nanos": 0,
            "seconds": 0,
            "time": 1558096200000,
            "timezoneOffset": -480,
            "year": 119
          },
          "openTime_fmt": "2019年05月17日",
          "openTime_fmt1": "20190517",
          "pool": "31,214,521.22",
          "sTime": "2019-05-14 20:25:00",
          "status": 0,
          "term": "19056",
          "totalSales": "15,821,508",
          "totalSales2": "0",
          "totlSaleNews": "",
          "verify": 0
        }
      },
      {
        "codeNumber": [
          "5",
          "8",
          "0",
          "6",
          "8",
          "7",
          "7"
        ],
        "details": [
          {
            "allmoney": "5,000,000",
            "level": "一等奖",
            "money": "5,000,000",
            "num": 801,
            "piece": "1",
            "sendPrize": ""
          },
          {
            "allmoney": "303,465",
            "level": "二等奖",
            "money": "20,231",
            "num": 802,
            "piece": "15",
            "sendPrize": ""
          },
          {
            "allmoney": "230,400",
            "level": "三等奖",
            "money": "1,800",
            "num": 803,
            "piece": "128",
            "sendPrize": ""
          },
          {
            "allmoney": "519,600",
            "level": "四等奖",
            "money": "300",
            "num": 804,
            "piece": "1,732",
            "sendPrize": ""
          },
          {
            "allmoney": "442,760",
            "level": "五等奖",
            "money": "20",
            "num": 805,
            "piece": "22,138",
            "sendPrize": ""
          },
          {
            "allmoney": "1,450,210",
            "level": "六等奖",
            "money": "5",
            "num": 806,
            "piece": "290,042",
            "sendPrize": ""
          }
        ],
        "lottery": {
          "drawNews": "",
          "fTime": "",
          "isAP": 0,
          "ispool": 0,
          "lType": 8,
          "numSequence": "5 8 0 6 8 7 7",
          "numSequence_pool": "",
          "number": "5 8 0 6 8 7 7",
          "number_pool": "",
          "openTime": {
            "date": 14,
            "day": 2,
            "hours": 20,
            "minutes": 30,
            "month": 4,
            "nanos": 0,
            "seconds": 0,
            "time": 1557837000000,
            "timezoneOffset": -480,
            "year": 119
          },
          "openTime_fmt": "2019年05月14日",
          "openTime_fmt1": "20190514",
          "pool": "27,221,748.69",
          "sTime": "2019-05-12 20:25:00",
          "status": 0,
          "term": "19055",
          "totalSales": "11,587,174",
          "totalSales2": "0",
          "totlSaleNews": "",
          "verify": 0
        }
      },
      {
        "codeNumber": [
          "1",
          "6",
          "0",
          "7",
          "4",
          "6",
          "1"
        ],
        "details": [
          {
            "allmoney": "5,000,000",
            "level": "一等奖",
            "money": "5,000,000",
            "num": 801,
            "piece": "1",
            "sendPrize": ""
          },
          {
            "allmoney": "347,168",
            "level": "二等奖",
            "money": "43,396",
            "num": 802,
            "piece": "8",
            "sendPrize": ""
          },
          {
            "allmoney": "147,600",
            "level": "三等奖",
            "money": "1,800",
            "num": 803,
            "piece": "82",
            "sendPrize": ""
          },
          {
            "allmoney": "423,600",
            "level": "四等奖",
            "money": "300",
            "num": 804,
            "piece": "1,412",
            "sendPrize": ""
          },
          {
            "allmoney": "418,020",
            "level": "五等奖",
            "money": "20",
            "num": 805,
            "piece": "20,901",
            "sendPrize": ""
          },
          {
            "allmoney": "1,289,490",
            "level": "六等奖",
            "money": "5",
            "num": 806,
            "piece": "257,898",
            "sendPrize": ""
          }
        ],
        "lottery": {
          "drawNews": "",
          "fTime": "",
          "isAP": 0,
          "ispool": 0,
          "lType": 8,
          "numSequence": "1 6 0 7 4 6 1",
          "numSequence_pool": "",
          "number": "1 6 0 7 4 6 1",
          "number_pool": "",
          "openTime": {
            "date": 12,
            "day": 0,
            "hours": 20,
            "minutes": 30,
            "month": 4,
            "nanos": 0,
            "seconds": 0,
            "time": 1557664200000,
            "timezoneOffset": -480,
            "year": 119
          },
          "openTime_fmt": "2019年05月12日",
          "openTime_fmt1": "20190512",
          "pool": "29,490,477.96",
          "sTime": "2019-05-10 20:25:00",
          "status": 0,
          "term": "19054",
          "totalSales": "11,735,496",
          "totalSales2": "0",
          "totlSaleNews": "",
          "verify": 0
        }
      },
      {
        "codeNumber": [
          "7",
          "6",
          "7",
          "9",
          "3",
          "2",
          "4"
        ],
        "details": [
          {
            "allmoney": "0",
            "level": "一等奖",
            "money": "0",
            "num": 801,
            "piece": "0",
            "sendPrize": ""
          },
          {
            "allmoney": "400,524",
            "level": "二等奖",
            "money": "33,377",
            "num": 802,
            "piece": "12",
            "sendPrize": ""
          },
          {
            "allmoney": "370,800",
            "level": "三等奖",
            "money": "1,800",
            "num": 803,
            "piece": "206",
            "sendPrize": ""
          },
          {
            "allmoney": "818,700",
            "level": "四等奖",
            "money": "300",
            "num": 804,
            "piece": "2,729",
            "sendPrize": ""
          },
          {
            "allmoney": "678,240",
            "level": "五等奖",
            "money": "20",
            "num": 805,
            "piece": "33,912",
            "sendPrize": ""
          },
          {
            "allmoney": "2,024,795",
            "level": "六等奖",
            "money": "5",
            "num": 806,
            "piece": "404,959",
            "sendPrize": ""
          }
        ],
        "lottery": {
          "drawNews": "",
          "fTime": "",
          "isAP": 0,
          "ispool": 0,
          "lType": 8,
          "numSequence": "7 6 7 9 3 2 4",
          "numSequence_pool": "",
          "number": "7 6 7 9 3 2 4",
          "number_pool": "",
          "openTime": {
            "date": 10,
            "day": 5,
            "hours": 20,
            "minutes": 30,
            "month": 4,
            "nanos": 0,
            "seconds": 0,
            "time": 1557491400000,
            "timezoneOffset": -480,
            "year": 119
          },
          "openTime_fmt": "2019年05月10日",
          "openTime_fmt1": "20190510",
          "pool": "31,365,963.22",
          "sTime": "2019-05-07 20:25:00",
          "status": 0,
          "term": "19053",
          "totalSales": "16,118,074",
          "totalSales2": "0",
          "totlSaleNews": "",
          "verify": 0
        }
      },
      {
        "codeNumber": [
          "8",
          "5",
          "0",
          "7",
          "8",
          "3",
          "8"
        ],
        "details": [
          {
            "allmoney": "0",
            "level": "一等奖",
            "money": "0",
            "num": 801,
            "piece": "0",
            "sendPrize": ""
          },
          {
            "allmoney": "292,792",
            "level": "二等奖",
            "money": "36,599",
            "num": 802,
            "piece": "8",
            "sendPrize": ""
          },
          {
            "allmoney": "216,000",
            "level": "三等奖",
            "money": "1,800",
            "num": 803,
            "piece": "120",
            "sendPrize": ""
          },
          {
            "allmoney": "560,100",
            "level": "四等奖",
            "money": "300",
            "num": 804,
            "piece": "1,867",
            "sendPrize": ""
          },
          {
            "allmoney": "468,400",
            "level": "五等奖",
            "money": "20",
            "num": 805,
            "piece": "23,420",
            "sendPrize": ""
          },
          {
            "allmoney": "1,446,240",
            "level": "六等奖",
            "money": "5",
            "num": 806,
            "piece": "289,248",
            "sendPrize": ""
          }
        ],
        "lottery": {
          "drawNews": "",
          "fTime": "",
          "isAP": 0,
          "ispool": 0,
          "lType": 8,
          "numSequence": "8 5 0 7 8 3 8",
          "numSequence_pool": "",
          "number": "8 5 0 7 8 3 8",
          "number_pool": "",
          "openTime": {
            "date": 7,
            "day": 2,
            "hours": 20,
            "minutes": 30,
            "month": 4,
            "nanos": 0,
            "seconds": 0,
            "time": 1557232200000,
            "timezoneOffset": -480,
            "year": 119
          },
          "openTime_fmt": "2019年05月07日",
          "openTime_fmt1": "20190507",
          "pool": "27,761,174.09",
          "sTime": "2019-05-05 20:25:00",
          "status": 0,
          "term": "19052",
          "totalSales": "11,466,808",
          "totalSales2": "0",
          "totlSaleNews": "",
          "verify": 0
        }
      },
      {
        "codeNumber": [
          "2",
          "9",
          "1",
          "5",
          "4",
          "9",
          "7"
        ],
        "details": [
          {
            "allmoney": "0",
            "level": "一等奖",
            "money": "0",
            "num": 801,
            "piece": "0",
            "sendPrize": ""
          },
          {
            "allmoney": "318,836",
            "level": "二等奖",
            "money": "45,548",
            "num": 802,
            "piece": "7",
            "sendPrize": ""
          },
          {
            "allmoney": "194,400",
            "level": "三等奖",
            "money": "1,800",
            "num": 803,
            "piece": "108",
            "sendPrize": ""
          },
          {
            "allmoney": "486,300",
            "level": "四等奖",
            "money": "300",
            "num": 804,
            "piece": "1,621",
            "sendPrize": ""
          },
          {
            "allmoney": "450,140",
            "level": "五等奖",
            "money": "20",
            "num": 805,
            "piece": "22,507",
            "sendPrize": ""
          },
          {
            "allmoney": "1,361,340",
            "level": "六等奖",
            "money": "5",
            "num": 806,
            "piece": "272,268",
            "sendPrize": ""
          }
        ],
        "lottery": {
          "drawNews": "",
          "fTime": "",
          "isAP": 0,
          "ispool": 0,
          "lType": 8,
          "numSequence": "2 9 1 5 4 9 7",
          "numSequence_pool": "",
          "number": "2 9 1 5 4 9 7",
          "number_pool": "",
          "openTime": {
            "date": 5,
            "day": 0,
            "hours": 20,
            "minutes": 30,
            "month": 4,
            "nanos": 0,
            "seconds": 0,
            "time": 1557059400000,
            "timezoneOffset": -480,
            "year": 119
          },
          "openTime_fmt": "2019年05月05日",
          "openTime_fmt1": "20190505",
          "pool": "25,125,977.76",
          "sTime": "2019-05-03 20:25:00",
          "status": 0,
          "term": "19051",
          "totalSales": "11,593,052",
          "totalSales2": "0",
          "totlSaleNews": "",
          "verify": 0
        }
      },
      {
        "codeNumber": [
          "2",
          "6",
          "0",
          "2",
          "0",
          "8",
          "9"
        ],
        "details": [
          {
            "allmoney": "15,000,000",
            "level": "一等奖",
            "money": "5,000,000",
            "num": 801,
            "piece": "3",
            "sendPrize": ""
          },
          {
            "allmoney": "376,220",
            "level": "二等奖",
            "money": "75,244",
            "num": 802,
            "piece": "5",
            "sendPrize": ""
          },
          {
            "allmoney": "376,200",
            "level": "三等奖",
            "money": "1,800",
            "num": 803,
            "piece": "209",
            "sendPrize": ""
          },
          {
            "allmoney": "848,100",
            "level": "四等奖",
            "money": "300",
            "num": 804,
            "piece": "2,827",
            "sendPrize": ""
          },
          {
            "allmoney": "632,800",
            "level": "五等奖",
            "money": "20",
            "num": 805,
            "piece": "31,640",
            "sendPrize": ""
          },
          {
            "allmoney": "1,870,500",
            "level": "六等奖",
            "money": "5",
            "num": 806,
            "piece": "374,100",
            "sendPrize": ""
          }
        ],
        "lottery": {
          "drawNews": "",
          "fTime": "",
          "isAP": 0,
          "ispool": 0,
          "lType": 8,
          "numSequence": "2 6 0 2 0 8 9",
          "numSequence_pool": "",
          "number": "2 6 0 2 0 8 9",
          "number_pool": "",
          "openTime": {
            "date": 3,
            "day": 5,
            "hours": 20,
            "minutes": 30,
            "month": 4,
            "nanos": 0,
            "seconds": 0,
            "time": 1556886600000,
            "timezoneOffset": -480,
            "year": 119
          },
          "openTime_fmt": "2019年05月03日",
          "openTime_fmt1": "20190503",
          "pool": "22,256,403.83",
          "sTime": "2019-04-30 20:25:00",
          "status": 0,
          "term": "19050",
          "totalSales": "15,285,324",
          "totalSales2": "0",
          "totlSaleNews": "",
          "verify": 0
        }
      },
      {
        "codeNumber": [
          "2",
          "5",
          "8",
          "9",
          "9",
          "1",
          "6"
        ],
        "details": [
          {
            "allmoney": "10,000,000",
            "level": "一等奖",
            "money": "5,000,000",
            "num": 801,
            "piece": "2",
            "sendPrize": ""
          },
          {
            "allmoney": "252,522",
            "level": "二等奖",
            "money": "28,058",
            "num": 802,
            "piece": "9",
            "sendPrize": ""
          },
          {
            "allmoney": "336,600",
            "level": "三等奖",
            "money": "1,800",
            "num": 803,
            "piece": "187",
            "sendPrize": ""
          },
          {
            "allmoney": "722,100",
            "level": "四等奖",
            "money": "300",
            "num": 804,
            "piece": "2,407",
            "sendPrize": ""
          },
          {
            "allmoney": "625,780",
            "level": "五等奖",
            "money": "20",
            "num": 805,
            "piece": "31,289",
            "sendPrize": ""
          },
          {
            "allmoney": "1,687,260",
            "level": "六等奖",
            "money": "5",
            "num": 806,
            "piece": "337,452",
            "sendPrize": ""
          }
        ],
        "lottery": {
          "drawNews": "",
          "fTime": "",
          "isAP": 0,
          "ispool": 0,
          "lType": 8,
          "numSequence": "2 5 8 9 9 1 6",
          "numSequence_pool": "",
          "number": "2 5 8 9 9 1 6",
          "number_pool": "",
          "openTime": {
            "date": 30,
            "day": 2,
            "hours": 20,
            "minutes": 30,
            "month": 3,
            "nanos": 0,
            "seconds": 0,
            "time": 1556627400000,
            "timezoneOffset": -480,
            "year": 119
          },
          "openTime_fmt": "2019年04月30日",
          "openTime_fmt1": "20190430",
          "pool": "33,870,415.95",
          "sTime": "2019-04-28 20:25:00",
          "status": 0,
          "term": "19049",
          "totalSales": "12,034,618",
          "totalSales2": "0",
          "totlSaleNews": "",
          "verify": 0
        }
      },
      {
        "codeNumber": [
          "6",
          "8",
          "2",
          "4",
          "2",
          "9",
          "8"
        ],
        "details": [
          {
            "allmoney": "0",
            "level": "一等奖",
            "money": "0",
            "num": 801,
            "piece": "0",
            "sendPrize": ""
          },
          {
            "allmoney": "296,764",
            "level": "二等奖",
            "money": "22,828",
            "num": 802,
            "piece": "13",
            "sendPrize": ""
          },
          {
            "allmoney": "279,000",
            "level": "三等奖",
            "money": "1,800",
            "num": 803,
            "piece": "155",
            "sendPrize": ""
          },
          {
            "allmoney": "612,600",
            "level": "四等奖",
            "money": "300",
            "num": 804,
            "piece": "2,042",
            "sendPrize": ""
          },
          {
            "allmoney": "534,140",
            "level": "五等奖",
            "money": "20",
            "num": 805,
            "piece": "26,707",
            "sendPrize": ""
          },
          {
            "allmoney": "1,554,680",
            "level": "六等奖",
            "money": "5",
            "num": 806,
            "piece": "310,936",
            "sendPrize": ""
          }
        ],
        "lottery": {
          "drawNews": "",
          "fTime": "",
          "isAP": 0,
          "ispool": 0,
          "lType": 8,
          "numSequence": "6 8 2 4 2 9 8",
          "numSequence_pool": "",
          "number": "6 8 2 4 2 9 8",
          "number_pool": "",
          "openTime": {
            "date": 28,
            "day": 0,
            "hours": 20,
            "minutes": 30,
            "month": 3,
            "nanos": 0,
            "seconds": 0,
            "time": 1556454600000,
            "timezoneOffset": -480,
            "year": 119
          },
          "openTime_fmt": "2019年04月28日",
          "openTime_fmt1": "20190428",
          "pool": "41,597,715.41",
          "sTime": "2019-04-26 20:25:00",
          "status": 0,
          "term": "19048",
          "totalSales": "12,138,980",
          "totalSales2": "0",
          "totlSaleNews": "",
          "verify": 0
        }
      },
      {
        "codeNumber": [
          "6",
          "7",
          "3",
          "2",
          "7",
          "8",
          "6"
        ],
        "details": [
          {
            "allmoney": "0",
            "level": "一等奖",
            "money": "0",
            "num": 801,
            "piece": "0",
            "sendPrize": ""
          },
          {
            "allmoney": "376,173",
            "level": "二等奖",
            "money": "17,913",
            "num": 802,
            "piece": "21",
            "sendPrize": ""
          },
          {
            "allmoney": "477,000",
            "level": "三等奖",
            "money": "1,800",
            "num": 803,
            "piece": "265",
            "sendPrize": ""
          },
          {
            "allmoney": "952,800",
            "level": "四等奖",
            "money": "300",
            "num": 804,
            "piece": "3,176",
            "sendPrize": ""
          },
          {
            "allmoney": "746,360",
            "level": "五等奖",
            "money": "20",
            "num": 805,
            "piece": "37,318",
            "sendPrize": ""
          },
          {
            "allmoney": "2,084,895",
            "level": "六等奖",
            "money": "5",
            "num": 806,
            "piece": "416,979",
            "sendPrize": ""
          }
        ],
        "lottery": {
          "drawNews": "",
          "fTime": "",
          "isAP": 0,
          "ispool": 0,
          "lType": 8,
          "numSequence": "6 7 3 2 7 8 6",
          "numSequence_pool": "",
          "number": "6 7 3 2 7 8 6",
          "number_pool": "",
          "openTime": {
            "date": 26,
            "day": 5,
            "hours": 20,
            "minutes": 30,
            "month": 3,
            "nanos": 0,
            "seconds": 0,
            "time": 1556281800000,
            "timezoneOffset": -480,
            "year": 119
          },
          "openTime_fmt": "2019年04月26日",
          "openTime_fmt1": "20190426",
          "pool": "38,926,803.23",
          "sTime": "2019-04-23 20:25:00",
          "status": 0,
          "term": "19047",
          "totalSales": "16,373,224",
          "totalSales2": "0",
          "totlSaleNews": "",
          "verify": 0
        }
      },
      {
        "codeNumber": [
          "2",
          "9",
          "5",
          "5",
          "1",
          "1",
          "2"
        ],
        "details": [
          {
            "allmoney": "5,000,000",
            "level": "一等奖",
            "money": "5,000,000",
            "num": 801,
            "piece": "1",
            "sendPrize": ""
          },
          {
            "allmoney": "242,844",
            "level": "二等奖",
            "money": "11,564",
            "num": 802,
            "piece": "21",
            "sendPrize": ""
          },
          {
            "allmoney": "376,200",
            "level": "三等奖",
            "money": "1,800",
            "num": 803,
            "piece": "209",
            "sendPrize": ""
          },
          {
            "allmoney": "734,400",
            "level": "四等奖",
            "money": "300",
            "num": 804,
            "piece": "2,448",
            "sendPrize": ""
          },
          {
            "allmoney": "605,060",
            "level": "五等奖",
            "money": "20",
            "num": 805,
            "piece": "30,253",
            "sendPrize": ""
          },
          {
            "allmoney": "1,721,920",
            "level": "六等奖",
            "money": "5",
            "num": 806,
            "piece": "344,384",
            "sendPrize": ""
          }
        ],
        "lottery": {
          "drawNews": "",
          "fTime": "",
          "isAP": 0,
          "ispool": 0,
          "lType": 8,
          "numSequence": "2 9 5 5 1 1 2",
          "numSequence_pool": "",
          "number": "2 9 5 5 1 1 2",
          "number_pool": "",
          "openTime": {
            "date": 23,
            "day": 2,
            "hours": 20,
            "minutes": 30,
            "month": 3,
            "nanos": 0,
            "seconds": 0,
            "time": 1556022600000,
            "timezoneOffset": -480,
            "year": 119
          },
          "openTime_fmt": "2019年04月23日",
          "openTime_fmt1": "20190423",
          "pool": "35,541,160.95",
          "sTime": "2019-04-21 20:25:00",
          "status": 0,
          "term": "19046",
          "totalSales": "11,971,646",
          "totalSales2": "0",
          "totlSaleNews": "",
          "verify": 0
        }
      },
      {
        "codeNumber": [
          "9",
          "7",
          "7",
          "3",
          "8",
          "7",
          "9"
        ],
        "details": [
          {
            "allmoney": "5,000,000",
            "level": "一等奖",
            "money": "5,000,000",
            "num": 801,
            "piece": "1",
            "sendPrize": ""
          },
          {
            "allmoney": "339,785",
            "level": "二等奖",
            "money": "67,957",
            "num": 802,
            "piece": "5",
            "sendPrize": ""
          },
          {
            "allmoney": "162,000",
            "level": "三等奖",
            "money": "1,800",
            "num": 803,
            "piece": "90",
            "sendPrize": ""
          },
          {
            "allmoney": "545,100",
            "level": "四等奖",
            "money": "300",
            "num": 804,
            "piece": "1,817",
            "sendPrize": ""
          },
          {
            "allmoney": "473,060",
            "level": "五等奖",
            "money": "20",
            "num": 805,
            "piece": "23,653",
            "sendPrize": ""
          },
          {
            "allmoney": "1,488,955",
            "level": "六等奖",
            "money": "5",
            "num": 806,
            "piece": "297,791",
            "sendPrize": ""
          }
        ],
        "lottery": {
          "drawNews": "",
          "fTime": "",
          "isAP": 0,
          "ispool": 0,
          "lType": 8,
          "numSequence": "9 7 7 3 8 7 9",
          "numSequence_pool": "",
          "number": "9 7 7 3 8 7 9",
          "number_pool": "",
          "openTime": {
            "date": 21,
            "day": 0,
            "hours": 20,
            "minutes": 30,
            "month": 3,
            "nanos": 0,
            "seconds": 0,
            "time": 1555849800000,
            "timezoneOffset": -480,
            "year": 119
          },
          "openTime_fmt": "2019年04月21日",
          "openTime_fmt1": "20190421",
          "pool": "38,355,487.06",
          "sTime": "2019-04-19 20:25:00",
          "status": 0,
          "term": "19045",
          "totalSales": "12,381,644",
          "totalSales2": "0",
          "totlSaleNews": "",
          "verify": 0
        }
      },
      {
        "codeNumber": [
          "8",
          "2",
          "0",
          "6",
          "3",
          "0",
          "8"
        ],
        "details": [
          {
            "allmoney": "0",
            "level": "一等奖",
            "money": "0",
            "num": 801,
            "piece": "0",
            "sendPrize": ""
          },
          {
            "allmoney": "395,140",
            "level": "二等奖",
            "money": "19,757",
            "num": 802,
            "piece": "20",
            "sendPrize": ""
          },
          {
            "allmoney": "493,200",
            "level": "三等奖",
            "money": "1,800",
            "num": 803,
            "piece": "274",
            "sendPrize": ""
          },
          {
            "allmoney": "910,500",
            "level": "四等奖",
            "money": "300",
            "num": 804,
            "piece": "3,035",
            "sendPrize": ""
          },
          {
            "allmoney": "713,280",
            "level": "五等奖",
            "money": "20",
            "num": 805,
            "piece": "35,664",
            "sendPrize": ""
          },
          {
            "allmoney": "2,132,385",
            "level": "六等奖",
            "money": "5",
            "num": 806,
            "piece": "426,477",
            "sendPrize": ""
          }
        ],
        "lottery": {
          "drawNews": "",
          "fTime": "",
          "isAP": 0,
          "ispool": 0,
          "lType": 8,
          "numSequence": "8 2 0 6 3 0 8",
          "numSequence_pool": "",
          "number": "8 2 0 6 3 0 8",
          "number_pool": "",
          "openTime": {
            "date": 19,
            "day": 5,
            "hours": 20,
            "minutes": 30,
            "month": 3,
            "nanos": 0,
            "seconds": 0,
            "time": 1555677000000,
            "timezoneOffset": -480,
            "year": 119
          },
          "openTime_fmt": "2019年04月19日",
          "openTime_fmt1": "20190419",
          "pool": "40,297,385.56",
          "sTime": "2019-04-16 20:25:00",
          "status": 0,
          "term": "19044",
          "totalSales": "16,736,490",
          "totalSales2": "0",
          "totlSaleNews": "",
          "verify": 0
        }
      },
      {
        "codeNumber": [
          "8",
          "1",
          "4",
          "4",
          "7",
          "3",
          "7"
        ],
        "details": [
          {
            "allmoney": "5,000,000",
            "level": "一等奖",
            "money": "5,000,000",
            "num": 801,
            "piece": "1",
            "sendPrize": ""
          },
          {
            "allmoney": "303,696",
            "level": "二等奖",
            "money": "25,308",
            "num": 802,
            "piece": "12",
            "sendPrize": ""
          },
          {
            "allmoney": "275,400",
            "level": "三等奖",
            "money": "1,800",
            "num": 803,
            "piece": "153",
            "sendPrize": ""
          },
          {
            "allmoney": "579,600",
            "level": "四等奖",
            "money": "300",
            "num": 804,
            "piece": "1,932",
            "sendPrize": ""
          },
          {
            "allmoney": "524,680",
            "level": "五等奖",
            "money": "20",
            "num": 805,
            "piece": "26,234",
            "sendPrize": ""
          },
          {
            "allmoney": "1,571,155",
            "level": "六等奖",
            "money": "5",
            "num": 806,
            "piece": "314,231",
            "sendPrize": ""
          }
        ],
        "lottery": {
          "drawNews": "",
          "fTime": "",
          "isAP": 0,
          "ispool": 0,
          "lType": 8,
          "numSequence": "8 1 4 4 7 3 7",
          "numSequence_pool": "",
          "number": "8 1 4 4 7 3 7",
          "number_pool": "",
          "openTime": {
            "date": 16,
            "day": 2,
            "hours": 20,
            "minutes": 30,
            "month": 3,
            "nanos": 0,
            "seconds": 0,
            "time": 1555417800000,
            "timezoneOffset": -480,
            "year": 119
          },
          "openTime_fmt": "2019年04月16日",
          "openTime_fmt1": "20190416",
          "pool": "36,741,021.97",
          "sTime": "2019-04-14 20:25:00",
          "status": 0,
          "term": "19043",
          "totalSales": "12,220,038",
          "totalSales2": "0",
          "totlSaleNews": "",
          "verify": 0
        }
      },
      {
        "codeNumber": [
          "2",
          "6",
          "0",
          "8",
          "2",
          "6",
          "2"
        ],
        "details": [
          {
            "allmoney": "0",
            "level": "一等奖",
            "money": "0",
            "num": 801,
            "piece": "0",
            "sendPrize": ""
          },
          {
            "allmoney": "282,831",
            "level": "二等奖",
            "money": "12,297",
            "num": 802,
            "piece": "23",
            "sendPrize": ""
          },
          {
            "allmoney": "334,800",
            "level": "三等奖",
            "money": "1,800",
            "num": 803,
            "piece": "186",
            "sendPrize": ""
          },
          {
            "allmoney": "739,800",
            "level": "四等奖",
            "money": "300",
            "num": 804,
            "piece": "2,466",
            "sendPrize": ""
          },
          {
            "allmoney": "545,740",
            "level": "五等奖",
            "money": "20",
            "num": 805,
            "piece": "27,287",
            "sendPrize": ""
          },
          {
            "allmoney": "1,535,035",
            "level": "六等奖",
            "money": "5",
            "num": 806,
            "piece": "307,007",
            "sendPrize": ""
          }
        ],
        "lottery": {
          "drawNews": "",
          "fTime": "",
          "isAP": 0,
          "ispool": 0,
          "lType": 8,
          "numSequence": "2 6 0 8 2 6 2",
          "numSequence_pool": "",
          "number": "2 6 0 8 2 6 2",
          "number_pool": "",
          "openTime": {
            "date": 14,
            "day": 0,
            "hours": 20,
            "minutes": 30,
            "month": 3,
            "nanos": 0,
            "seconds": 0,
            "time": 1555245000000,
            "timezoneOffset": -480,
            "year": 119
          },
          "openTime_fmt": "2019年04月14日",
          "openTime_fmt1": "20190414",
          "pool": "39,007,736.71",
          "sTime": "2019-04-12 20:25:00",
          "status": 0,
          "term": "19042",
          "totalSales": "12,211,910",
          "totalSales2": "0",
          "totlSaleNews": "",
          "verify": 0
        }
      },
      {
        "codeNumber": [
          "6",
          "0",
          "2",
          "5",
          "8",
          "5",
          "1"
        ],
        "details": [
          {
            "allmoney": "0",
            "level": "一等奖",
            "money": "0",
            "num": 801,
            "piece": "0",
            "sendPrize": ""
          },
          {
            "allmoney": "421,425",
            "level": "二等奖",
            "money": "46,825",
            "num": 802,
            "piece": "9",
            "sendPrize": ""
          },
          {
            "allmoney": "365,400",
            "level": "三等奖",
            "money": "1,800",
            "num": 803,
            "piece": "203",
            "sendPrize": ""
          },
          {
            "allmoney": "781,800",
            "level": "四等奖",
            "money": "300",
            "num": 804,
            "piece": "2,606",
            "sendPrize": ""
          },
          {
            "allmoney": "700,060",
            "level": "五等奖",
            "money": "20",
            "num": 805,
            "piece": "35,003",
            "sendPrize": ""
          },
          {
            "allmoney": "2,014,825",
            "level": "六等奖",
            "money": "5",
            "num": 806,
            "piece": "402,965",
            "sendPrize": ""
          }
        ],
        "lottery": {
          "drawNews": "",
          "fTime": "",
          "isAP": 0,
          "ispool": 0,
          "lType": 8,
          "numSequence": "6 0 2 5 8 5 1",
          "numSequence_pool": "",
          "number": "6 0 2 5 8 5 1",
          "number_pool": "",
          "openTime": {
            "date": 12,
            "day": 5,
            "hours": 20,
            "minutes": 30,
            "month": 3,
            "nanos": 0,
            "seconds": 0,
            "time": 1555072200000,
            "timezoneOffset": -480,
            "year": 119
          },
          "openTime_fmt": "2019年04月12日",
          "openTime_fmt1": "20190412",
          "pool": "36,462,121.90",
          "sTime": "2019-04-09 20:25:00",
          "status": 0,
          "term": "19041",
          "totalSales": "16,482,400",
          "totalSales2": "0",
          "totlSaleNews": "",
          "verify": 0
        }
      },
      {
        "codeNumber": [
          "4",
          "8",
          "1",
          "4",
          "8",
          "8",
          "2"
        ],
        "details": [
          {
            "allmoney": "0.00",
            "level": "一等奖",
            "money": "0.00",
            "num": 801,
            "piece": "0",
            "sendPrize": ""
          },
          {
            "allmoney": "294,300",
            "level": "二等奖",
            "money": "24,525",
            "num": 802,
            "piece": "12",
            "sendPrize": ""
          },
          {
            "allmoney": "232,200.00",
            "level": "三等奖",
            "money": "1,800.00",
            "num": 803,
            "piece": "129",
            "sendPrize": ""
          },
          {
            "allmoney": "522,300.00",
            "level": "四等奖",
            "money": "300.00",
            "num": 804,
            "piece": "1,741",
            "sendPrize": ""
          },
          {
            "allmoney": "476,580.00",
            "level": "五等奖",
            "money": "20.00",
            "num": 805,
            "piece": "23,829",
            "sendPrize": ""
          },
          {
            "allmoney": "1,474,380.00",
            "level": "六等奖",
            "money": "5.00",
            "num": 806,
            "piece": "294,876",
            "sendPrize": ""
          }
        ],
        "lottery": {
          "drawNews": "",
          "fTime": "",
          "isAP": 0,
          "ispool": 0,
          "lType": 8,
          "numSequence": "",
          "numSequence_pool": "",
          "number": "4 8 1 4 8 8 2",
          "number_pool": "",
          "openTime": {
            "date": 9,
            "day": 2,
            "hours": 20,
            "minutes": 30,
            "month": 3,
            "nanos": 0,
            "seconds": 0,
            "time": 1554813000000,
            "timezoneOffset": -480,
            "year": 119
          },
          "openTime_fmt": "2019年04月09日",
          "openTime_fmt1": "20190409",
          "pool": "32,669,260.00",
          "sTime": "2019-04-07 20:25:00",
          "status": 0,
          "term": "19040",
          "totalSales": "11,527,480",
          "totalSales2": "0",
          "totlSaleNews": "",
          "verify": 0
        }
      },
      {
        "codeNumber": [
          "7",
          "7",
          "3",
          "1",
          "4",
          "2",
          "8"
        ],
        "details": [
          {
            "allmoney": "0.00",
            "level": "一等奖",
            "money": "0.00",
            "num": 801,
            "piece": "0",
            "sendPrize": ""
          },
          {
            "allmoney": "226,440",
            "level": "二等奖",
            "money": "15,096",
            "num": 802,
            "piece": "15",
            "sendPrize": ""
          },
          {
            "allmoney": "340,200.00",
            "level": "三等奖",
            "money": "1,800.00",
            "num": 803,
            "piece": "189",
            "sendPrize": ""
          },
          {
            "allmoney": "1,007,700.00",
            "level": "四等奖",
            "money": "300.00",
            "num": 804,
            "piece": "3,359",
            "sendPrize": ""
          },
          {
            "allmoney": "484,180.00",
            "level": "五等奖",
            "money": "20.00",
            "num": 805,
            "piece": "24,209",
            "sendPrize": ""
          },
          {
            "allmoney": "1,530,800.00",
            "level": "六等奖",
            "money": "5.00",
            "num": 806,
            "piece": "306,160",
            "sendPrize": ""
          }
        ],
        "lottery": {
          "drawNews": "",
          "fTime": "",
          "isAP": 0,
          "ispool": 0,
          "lType": 8,
          "numSequence": "",
          "numSequence_pool": "",
          "number": "7 7 3 1 4 2 8",
          "number_pool": "",
          "openTime": {
            "date": 7,
            "day": 0,
            "hours": 20,
            "minutes": 30,
            "month": 3,
            "nanos": 0,
            "seconds": 0,
            "time": 1554640200000,
            "timezoneOffset": -480,
            "year": 119
          },
          "openTime_fmt": "2019年04月07日",
          "openTime_fmt1": "20190407",
          "pool": "30,020,555.32",
          "sTime": "2019-04-05 20:25:00",
          "status": 0,
          "term": "19039",
          "totalSales": "11,484,480",
          "totalSales2": "0",
          "totlSaleNews": "",
          "verify": 0
        }
      },
      {
        "codeNumber": [
          "0",
          "0",
          "1",
          "7",
          "9",
          "9",
          "5"
        ],
        "details": [
          {
            "allmoney": "0.00",
            "level": "一等奖",
            "money": "0.00",
            "num": 801,
            "piece": "0",
            "sendPrize": ""
          },
          {
            "allmoney": "368,570",
            "level": "二等奖",
            "money": "36,857",
            "num": 802,
            "piece": "10",
            "sendPrize": ""
          },
          {
            "allmoney": "300,600.00",
            "level": "三等奖",
            "money": "1,800.00",
            "num": 803,
            "piece": "167",
            "sendPrize": ""
          },
          {
            "allmoney": "756,300.00",
            "level": "四等奖",
            "money": "300.00",
            "num": 804,
            "piece": "2,521",
            "sendPrize": ""
          },
          {
            "allmoney": "663,400.00",
            "level": "五等奖",
            "money": "20.00",
            "num": 805,
            "piece": "33,170",
            "sendPrize": ""
          },
          {
            "allmoney": "1,961,865.00",
            "level": "六等奖",
            "money": "5.00",
            "num": 806,
            "piece": "392,373",
            "sendPrize": ""
          }
        ],
        "lottery": {
          "drawNews": "",
          "fTime": "",
          "isAP": 0,
          "ispool": 0,
          "lType": 8,
          "numSequence": "",
          "numSequence_pool": "",
          "number": "0 0 1 7 9 9 5",
          "number_pool": "",
          "openTime": {
            "date": 5,
            "day": 5,
            "hours": 20,
            "minutes": 30,
            "month": 3,
            "nanos": 0,
            "seconds": 0,
            "time": 1554467400000,
            "timezoneOffset": -480,
            "year": 119
          },
          "openTime_fmt": "2019年04月05日",
          "openTime_fmt1": "20190405",
          "pool": "27,982,491.64",
          "sTime": "2019-04-02 20:25:00",
          "status": 0,
          "term": "19038",
          "totalSales": "15,036,660",
          "totalSales2": "0",
          "totlSaleNews": "",
          "verify": 0
        }
      },
      {
        "codeNumber": [
          "2",
          "1",
          "1",
          "0",
          "3",
          "9",
          "8"
        ],
        "details": [
          {
            "allmoney": "0.00",
            "level": "一等奖",
            "money": "0.00",
            "num": 801,
            "piece": "0",
            "sendPrize": ""
          },
          {
            "allmoney": "258,480",
            "level": "二等奖",
            "money": "17,232",
            "num": 802,
            "piece": "15",
            "sendPrize": ""
          },
          {
            "allmoney": "336,600.00",
            "level": "三等奖",
            "money": "1,800.00",
            "num": 803,
            "piece": "187",
            "sendPrize": ""
          },
          {
            "allmoney": "592,200.00",
            "level": "四等奖",
            "money": "300.00",
            "num": 804,
            "piece": "1,974",
            "sendPrize": ""
          },
          {
            "allmoney": "527,160.00",
            "level": "五等奖",
            "money": "20.00",
            "num": 805,
            "piece": "26,358",
            "sendPrize": ""
          },
          {
            "allmoney": "1,610,095.00",
            "level": "六等奖",
            "money": "5.00",
            "num": 806,
            "piece": "322,019",
            "sendPrize": ""
          }
        ],
        "lottery": {
          "drawNews": "",
          "fTime": "",
          "isAP": 0,
          "ispool": 0,
          "lType": 8,
          "numSequence": "",
          "numSequence_pool": "",
          "number": "2 1 1 0 3 9 8",
          "number_pool": "",
          "openTime": {
            "date": 2,
            "day": 2,
            "hours": 20,
            "minutes": 30,
            "month": 3,
            "nanos": 0,
            "seconds": 0,
            "time": 1554208200000,
            "timezoneOffset": -480,
            "year": 119
          },
          "openTime_fmt": "2019年04月02日",
          "openTime_fmt1": "20190402",
          "pool": "24,665,273.08",
          "sTime": "2019-03-31 20:25:00",
          "status": 0,
          "term": "19037",
          "totalSales": "11,532,438",
          "totalSales2": "0",
          "totlSaleNews": "",
          "verify": 0
        }
      },
      {
        "codeNumber": [
          "5",
          "7",
          "5",
          "2",
          "0",
          "0",
          "8"
        ],
        "details": [
          {
            "allmoney": "0.00",
            "level": "一等奖",
            "money": "0.00",
            "num": 801,
            "piece": "0",
            "sendPrize": ""
          },
          {
            "allmoney": "263,580",
            "level": "二等奖",
            "money": "13,179",
            "num": 802,
            "piece": "20",
            "sendPrize": ""
          },
          {
            "allmoney": "320,400.00",
            "level": "三等奖",
            "money": "1,800.00",
            "num": 803,
            "piece": "178",
            "sendPrize": ""
          },
          {
            "allmoney": "673,200.00",
            "level": "四等奖",
            "money": "300.00",
            "num": 804,
            "piece": "2,244",
            "sendPrize": ""
          },
          {
            "allmoney": "517,640.00",
            "level": "五等奖",
            "money": "20.00",
            "num": 805,
            "piece": "25,882",
            "sendPrize": ""
          },
          {
            "allmoney": "1,478,730.00",
            "level": "六等奖",
            "money": "5.00",
            "num": 806,
            "piece": "295,746",
            "sendPrize": ""
          }
        ],
        "lottery": {
          "drawNews": "",
          "fTime": "",
          "isAP": 0,
          "ispool": 0,
          "lType": 8,
          "numSequence": "",
          "numSequence_pool": "",
          "number": "5 7 5 2 0 0 8",
          "number_pool": "",
          "openTime": {
            "date": 31,
            "day": 0,
            "hours": 20,
            "minutes": 30,
            "month": 2,
            "nanos": 0,
            "seconds": 0,
            "time": 1554035400000,
            "timezoneOffset": -480,
            "year": 119
          },
          "openTime_fmt": "2019年03月31日",
          "openTime_fmt1": "20190331",
          "pool": "22,338,917.42",
          "sTime": "2019-03-29 20:25:00",
          "status": 0,
          "term": "19036",
          "totalSales": "11,481,176",
          "totalSales2": "0",
          "totlSaleNews": "",
          "verify": 0
        }
      },
      {
        "codeNumber": [
          "3",
          "8",
          "7",
          "3",
          "6",
          "1",
          "8"
        ],
        "details": [
          {
            "allmoney": "5,000,000",
            "level": "一等奖",
            "money": "5,000,000",
            "num": 801,
            "piece": "1",
            "sendPrize": ""
          },
          {
            "allmoney": "327,152",
            "level": "二等奖",
            "money": "20,447",
            "num": 802,
            "piece": "16",
            "sendPrize": ""
          },
          {
            "allmoney": "511,200.00",
            "level": "三等奖",
            "money": "1,800.00",
            "num": 803,
            "piece": "284",
            "sendPrize": ""
          },
          {
            "allmoney": "938,400.00",
            "level": "四等奖",
            "money": "300.00",
            "num": 804,
            "piece": "3,128",
            "sendPrize": ""
          },
          {
            "allmoney": "761,080.00",
            "level": "五等奖",
            "money": "20.00",
            "num": 805,
            "piece": "38,054",
            "sendPrize": ""
          },
          {
            "allmoney": "2,269,135.00",
            "level": "六等奖",
            "money": "5.00",
            "num": 806,
            "piece": "453,827",
            "sendPrize": ""
          }
        ],
        "lottery": {
          "drawNews": "",
          "fTime": "",
          "isAP": 0,
          "ispool": 0,
          "lType": 8,
          "numSequence": "",
          "numSequence_pool": "",
          "number": "3 8 7 3 6 1 8",
          "number_pool": "",
          "openTime": {
            "date": 29,
            "day": 5,
            "hours": 20,
            "minutes": 30,
            "month": 2,
            "nanos": 0,
            "seconds": 0,
            "time": 1553862600000,
            "timezoneOffset": -480,
            "year": 119
          },
          "openTime_fmt": "2019年03月29日",
          "openTime_fmt1": "20190329",
          "pool": "19,966,691.80",
          "sTime": "2019-03-26 20:25:00",
          "status": 0,
          "term": "19035",
          "totalSales": "15,819,268",
          "totalSales2": "0",
          "totlSaleNews": "",
          "verify": 0
        }
      },
      {
        "codeNumber": [
          "3",
          "0",
          "2",
          "8",
          "0",
          "0",
          "0"
        ],
        "details": [
          {
            "allmoney": "0.00",
            "level": "一等奖",
            "money": "0.00",
            "num": 801,
            "piece": "0",
            "sendPrize": ""
          },
          {
            "allmoney": "259,758",
            "level": "二等奖",
            "money": "43,293",
            "num": 802,
            "piece": "6",
            "sendPrize": ""
          },
          {
            "allmoney": "365,400.00",
            "level": "三等奖",
            "money": "1,800.00",
            "num": 803,
            "piece": "203",
            "sendPrize": ""
          },
          {
            "allmoney": "637,500.00",
            "level": "四等奖",
            "money": "300.00",
            "num": 804,
            "piece": "2,125",
            "sendPrize": ""
          },
          {
            "allmoney": "575,220.00",
            "level": "五等奖",
            "money": "20.00",
            "num": 805,
            "piece": "28,761",
            "sendPrize": ""
          },
          {
            "allmoney": "1,409,220.00",
            "level": "六等奖",
            "money": "5.00",
            "num": 806,
            "piece": "281,844",
            "sendPrize": ""
          }
        ],
        "lottery": {
          "drawNews": "",
          "fTime": "",
          "isAP": 0,
          "ispool": 0,
          "lType": 8,
          "numSequence": "",
          "numSequence_pool": "",
          "number": "3 0 2 8 0 0 0",
          "number_pool": "",
          "openTime": {
            "date": 26,
            "day": 2,
            "hours": 20,
            "minutes": 30,
            "month": 2,
            "nanos": 0,
            "seconds": 0,
            "time": 1553603400000,
            "timezoneOffset": -480,
            "year": 119
          },
          "openTime_fmt": "2019年03月26日",
          "openTime_fmt1": "20190326",
          "pool": "22,022,228.11",
          "sTime": "2019-03-24 20:25:00",
          "status": 0,
          "term": "19034",
          "totalSales": "11,397,836",
          "totalSales2": "0",
          "totlSaleNews": "",
          "verify": 0
        }
      },
      {
        "codeNumber": [
          "1",
          "1",
          "0",
          "0",
          "5",
          "5",
          "2"
        ],
        "details": [
          {
            "allmoney": "0.00",
            "level": "一等奖",
            "money": "0.00",
            "num": 801,
            "piece": "0",
            "sendPrize": ""
          },
          {
            "allmoney": "285,425",
            "level": "二等奖",
            "money": "40,775",
            "num": 802,
            "piece": "7",
            "sendPrize": ""
          },
          {
            "allmoney": "259,200.00",
            "level": "三等奖",
            "money": "1,800.00",
            "num": 803,
            "piece": "144",
            "sendPrize": ""
          },
          {
            "allmoney": "612,600.00",
            "level": "四等奖",
            "money": "300.00",
            "num": 804,
            "piece": "2,042",
            "sendPrize": ""
          },
          {
            "allmoney": "476,180.00",
            "level": "五等奖",
            "money": "20.00",
            "num": 805,
            "piece": "23,809",
            "sendPrize": ""
          },
          {
            "allmoney": "1,392,230.00",
            "level": "六等奖",
            "money": "5.00",
            "num": 806,
            "piece": "278,446",
            "sendPrize": ""
          }
        ],
        "lottery": {
          "drawNews": "",
          "fTime": "",
          "isAP": 0,
          "ispool": 0,
          "lType": 8,
          "numSequence": "",
          "numSequence_pool": "",
          "number": "1 1 0 0 5 5 2",
          "number_pool": "",
          "openTime": {
            "date": 24,
            "day": 0,
            "hours": 20,
            "minutes": 30,
            "month": 2,
            "nanos": 0,
            "seconds": 0,
            "time": 1553430600000,
            "timezoneOffset": -480,
            "year": 119
          },
          "openTime_fmt": "2019年03月24日",
          "openTime_fmt1": "20190324",
          "pool": "19,684,388.43",
          "sTime": "2019-03-22 20:25:00",
          "status": 0,
          "term": "19033",
          "totalSales": "11,417,288",
          "totalSales2": "0",
          "totlSaleNews": "",
          "verify": 0
        }
      },
      {
        "codeNumber": [
          "2",
          "9",
          "0",
          "2",
          "5",
          "2",
          "2"
        ],
        "details": [
          {
            "allmoney": "5,000,000",
            "level": "一等奖",
            "money": "5,000,000",
            "num": 801,
            "piece": "1",
            "sendPrize": ""
          },
          {
            "allmoney": "395,577",
            "level": "二等奖",
            "money": "43,953",
            "num": 802,
            "piece": "9",
            "sendPrize": ""
          },
          {
            "allmoney": "270,000.00",
            "level": "三等奖",
            "money": "1,800.00",
            "num": 803,
            "piece": "150",
            "sendPrize": ""
          },
          {
            "allmoney": "715,200.00",
            "level": "四等奖",
            "money": "300.00",
            "num": 804,
            "piece": "2,384",
            "sendPrize": ""
          },
          {
            "allmoney": "644,780.00",
            "level": "五等奖",
            "money": "20.00",
            "num": 805,
            "piece": "32,239",
            "sendPrize": ""
          },
          {
            "allmoney": "2,046,225.00",
            "level": "六等奖",
            "money": "5.00",
            "num": 806,
            "piece": "409,245",
            "sendPrize": ""
          }
        ],
        "lottery": {
          "drawNews": "",
          "fTime": "",
          "isAP": 0,
          "ispool": 0,
          "lType": 8,
          "numSequence": "",
          "numSequence_pool": "",
          "number": "2 9 0 2 5 2 2",
          "number_pool": "",
          "openTime": {
            "date": 22,
            "day": 5,
            "hours": 20,
            "minutes": 30,
            "month": 2,
            "nanos": 0,
            "seconds": 0,
            "time": 1553257800000,
            "timezoneOffset": -480,
            "year": 119
          },
          "openTime_fmt": "2019年03月22日",
          "openTime_fmt1": "20190322",
          "pool": "17,115,553.42",
          "sTime": "2019-03-19 20:25:00",
          "status": 0,
          "term": "19032",
          "totalSales": "15,575,574",
          "totalSales2": "0",
          "totlSaleNews": "",
          "verify": 0
        }
      },
      {
        "codeNumber": [
          "1",
          "7",
          "4",
          "1",
          "2",
          "0",
          "3"
        ],
        "details": [
          {
            "allmoney": "0.00",
            "level": "一等奖",
            "money": "0.00",
            "num": 801,
            "piece": "0",
            "sendPrize": ""
          },
          {
            "allmoney": "255,180",
            "level": "二等奖",
            "money": "21,265",
            "num": 802,
            "piece": "12",
            "sendPrize": ""
          },
          {
            "allmoney": "297,000.00",
            "level": "三等奖",
            "money": "1,800.00",
            "num": 803,
            "piece": "165",
            "sendPrize": ""
          },
          {
            "allmoney": "734,700.00",
            "level": "四等奖",
            "money": "300.00",
            "num": 804,
            "piece": "2,449",
            "sendPrize": ""
          },
          {
            "allmoney": "529,540.00",
            "level": "五等奖",
            "money": "20.00",
            "num": 805,
            "piece": "26,477",
            "sendPrize": ""
          },
          {
            "allmoney": "1,461,575.00",
            "level": "六等奖",
            "money": "5.00",
            "num": 806,
            "piece": "292,315",
            "sendPrize": ""
          }
        ],
        "lottery": {
          "drawNews": "",
          "fTime": "",
          "isAP": 0,
          "ispool": 0,
          "lType": 8,
          "numSequence": "",
          "numSequence_pool": "",
          "number": "1 7 4 1 2 0 3",
          "number_pool": "",
          "openTime": {
            "date": 19,
            "day": 2,
            "hours": 20,
            "minutes": 30,
            "month": 2,
            "nanos": 0,
            "seconds": 0,
            "time": 1552998600000,
            "timezoneOffset": -480,
            "year": 119
          },
          "openTime_fmt": "2019年03月19日",
          "openTime_fmt1": "20190319",
          "pool": "18,555,309.79",
          "sTime": "2019-03-17 20:25:00",
          "status": 0,
          "term": "19031",
          "totalSales": "11,376,882",
          "totalSales2": "0",
          "totlSaleNews": "",
          "verify": 0
        }
      },
      {
        "codeNumber": [
          "7",
          "9",
          "3",
          "8",
          "6",
          "2",
          "7"
        ],
        "details": [
          {
            "allmoney": "0.00",
            "level": "一等奖",
            "money": "0.00",
            "num": 801,
            "piece": "0",
            "sendPrize": ""
          },
          {
            "allmoney": "289,584",
            "level": "二等奖",
            "money": "12,066",
            "num": 802,
            "piece": "24",
            "sendPrize": ""
          },
          {
            "allmoney": "243,000.00",
            "level": "三等奖",
            "money": "1,800.00",
            "num": 803,
            "piece": "135",
            "sendPrize": ""
          },
          {
            "allmoney": "561,000.00",
            "level": "四等奖",
            "money": "300.00",
            "num": 804,
            "piece": "1,870",
            "sendPrize": ""
          },
          {
            "allmoney": "458,880.00",
            "level": "五等奖",
            "money": "20.00",
            "num": 805,
            "piece": "22,944",
            "sendPrize": ""
          },
          {
            "allmoney": "1,402,630.00",
            "level": "六等奖",
            "money": "5.00",
            "num": 806,
            "piece": "280,526",
            "sendPrize": ""
          }
        ],
        "lottery": {
          "drawNews": "",
          "fTime": "",
          "isAP": 0,
          "ispool": 0,
          "lType": 8,
          "numSequence": "",
          "numSequence_pool": "",
          "number": "7 9 3 8 6 2 7",
          "number_pool": "",
          "openTime": {
            "date": 17,
            "day": 0,
            "hours": 20,
            "minutes": 30,
            "month": 2,
            "nanos": 0,
            "seconds": 0,
            "time": 1552825800000,
            "timezoneOffset": -480,
            "year": 119
          },
          "openTime_fmt": "2019年03月17日",
          "openTime_fmt1": "20190317",
          "pool": "16,258,638.33",
          "sTime": "2019-03-15 20:25:00",
          "status": 0,
          "term": "19030",
          "totalSales": "11,349,782",
          "totalSales2": "0",
          "totlSaleNews": "",
          "verify": 0
        }
      },
      {
        "codeNumber": [
          "3",
          "5",
          "3",
          "4",
          "6",
          "0",
          "3"
        ],
        "details": [
          {
            "allmoney": "5,000,000",
            "level": "一等奖",
            "money": "5,000,000",
            "num": 801,
            "piece": "1",
            "sendPrize": ""
          },
          {
            "allmoney": "440,784",
            "level": "二等奖",
            "money": "36,732",
            "num": 802,
            "piece": "12",
            "sendPrize": ""
          },
          {
            "allmoney": "270,000.00",
            "level": "三等奖",
            "money": "1,800.00",
            "num": 803,
            "piece": "150",
            "sendPrize": ""
          },
          {
            "allmoney": "642,900.00",
            "level": "四等奖",
            "money": "300.00",
            "num": 804,
            "piece": "2,143",
            "sendPrize": ""
          },
          {
            "allmoney": "550,640.00",
            "level": "五等奖",
            "money": "20.00",
            "num": 805,
            "piece": "27,532",
            "sendPrize": ""
          },
          {
            "allmoney": "1,782,425.00",
            "level": "六等奖",
            "money": "5.00",
            "num": 806,
            "piece": "356,485",
            "sendPrize": ""
          }
        ],
        "lottery": {
          "drawNews": "",
          "fTime": "",
          "isAP": 0,
          "ispool": 0,
          "lType": 8,
          "numSequence": "",
          "numSequence_pool": "",
          "number": "3 5 3 4 6 0 3",
          "number_pool": "",
          "openTime": {
            "date": 15,
            "day": 5,
            "hours": 20,
            "minutes": 30,
            "month": 2,
            "nanos": 0,
            "seconds": 0,
            "time": 1552653000000,
            "timezoneOffset": -480,
            "year": 119
          },
          "openTime_fmt": "2019年03月15日",
          "openTime_fmt1": "20190315",
          "pool": "13,652,343.47",
          "sTime": "2019-03-12 20:25:00",
          "status": 0,
          "term": "19029",
          "totalSales": "15,620,114",
          "totalSales2": "0",
          "totlSaleNews": "",
          "verify": 0
        }
      },
      {
        "codeNumber": [
          "2",
          "4",
          "5",
          "1",
          "6",
          "5",
          "1"
        ],
        "details": [
          {
            "allmoney": "0.00",
            "level": "一等奖",
            "money": "0.00",
            "num": 801,
            "piece": "0",
            "sendPrize": ""
          },
          {
            "allmoney": "279,300",
            "level": "二等奖",
            "money": "3,724",
            "num": 802,
            "piece": "75",
            "sendPrize": ""
          },
          {
            "allmoney": "279,000.00",
            "level": "三等奖",
            "money": "1,800.00",
            "num": 803,
            "piece": "155",
            "sendPrize": ""
          },
          {
            "allmoney": "601,800.00",
            "level": "四等奖",
            "money": "300.00",
            "num": 804,
            "piece": "2,006",
            "sendPrize": ""
          },
          {
            "allmoney": "461,220.00",
            "level": "五等奖",
            "money": "20.00",
            "num": 805,
            "piece": "23,061",
            "sendPrize": ""
          },
          {
            "allmoney": "1,299,795.00",
            "level": "六等奖",
            "money": "5.00",
            "num": 806,
            "piece": "259,959",
            "sendPrize": ""
          }
        ],
        "lottery": {
          "drawNews": "",
          "fTime": "",
          "isAP": 0,
          "ispool": 0,
          "lType": 8,
          "numSequence": "",
          "numSequence_pool": "",
          "number": "2 4 5 1 6 5 1",
          "number_pool": "",
          "openTime": {
            "date": 12,
            "day": 2,
            "hours": 20,
            "minutes": 30,
            "month": 2,
            "nanos": 0,
            "seconds": 0,
            "time": 1552393800000,
            "timezoneOffset": -480,
            "year": 119
          },
          "openTime_fmt": "2019年03月12日",
          "openTime_fmt1": "20190312",
          "pool": "14,685,241.70",
          "sTime": "2019-03-10 20:25:00",
          "status": 0,
          "term": "19028",
          "totalSales": "11,091,950",
          "totalSales2": "0",
          "totlSaleNews": "",
          "verify": 0
        }
      },
      {
        "codeNumber": [
          "9",
          "1",
          "4",
          "8",
          "3",
          "2",
          "8"
        ],
        "details": [
          {
            "allmoney": "0.00",
            "level": "一等奖",
            "money": "0.00",
            "num": 801,
            "piece": "0",
            "sendPrize": ""
          },
          {
            "allmoney": "257,094",
            "level": "二等奖",
            "money": "14,283",
            "num": 802,
            "piece": "18",
            "sendPrize": ""
          },
          {
            "allmoney": "282,600.00",
            "level": "三等奖",
            "money": "1,800.00",
            "num": 803,
            "piece": "157",
            "sendPrize": ""
          },
          {
            "allmoney": "623,100.00",
            "level": "四等奖",
            "money": "300.00",
            "num": 804,
            "piece": "2,077",
            "sendPrize": ""
          },
          {
            "allmoney": "476,920.00",
            "level": "五等奖",
            "money": "20.00",
            "num": 805,
            "piece": "23,846",
            "sendPrize": ""
          },
          {
            "allmoney": "1,494,820.00",
            "level": "六等奖",
            "money": "5.00",
            "num": 806,
            "piece": "298,964",
            "sendPrize": ""
          }
        ],
        "lottery": {
          "drawNews": "",
          "fTime": "",
          "isAP": 0,
          "ispool": 0,
          "lType": 8,
          "numSequence": "",
          "numSequence_pool": "",
          "number": "9 1 4 8 3 2 8",
          "number_pool": "",
          "openTime": {
            "date": 10,
            "day": 0,
            "hours": 20,
            "minutes": 30,
            "month": 2,
            "nanos": 0,
            "seconds": 0,
            "time": 1552221000000,
            "timezoneOffset": -480,
            "year": 119
          },
          "openTime_fmt": "2019年03月10日",
          "openTime_fmt1": "20190310",
          "pool": "12,171,325.25",
          "sTime": "2019-03-08 20:25:00",
          "status": 0,
          "term": "19027",
          "totalSales": "11,119,204",
          "totalSales2": "0",
          "totlSaleNews": "",
          "verify": 0
        }
      },
      {
        "codeNumber": [
          "3",
          "7",
          "9",
          "0",
          "5",
          "5",
          "7"
        ],
        "details": [
          {
            "allmoney": "0.00",
            "level": "一等奖",
            "money": "0.00",
            "num": 801,
            "piece": "0",
            "sendPrize": ""
          },
          {
            "allmoney": "407,245",
            "level": "二等奖",
            "money": "81,449",
            "num": 802,
            "piece": "5",
            "sendPrize": ""
          },
          {
            "allmoney": "273,600.00",
            "level": "三等奖",
            "money": "1,800.00",
            "num": 803,
            "piece": "152",
            "sendPrize": ""
          },
          {
            "allmoney": "736,800.00",
            "level": "四等奖",
            "money": "300.00",
            "num": 804,
            "piece": "2,456",
            "sendPrize": ""
          },
          {
            "allmoney": "550,480.00",
            "level": "五等奖",
            "money": "20.00",
            "num": 805,
            "piece": "27,524",
            "sendPrize": ""
          },
          {
            "allmoney": "1,727,410.00",
            "level": "六等奖",
            "money": "5.00",
            "num": 806,
            "piece": "345,482",
            "sendPrize": ""
          }
        ],
        "lottery": {
          "drawNews": "",
          "fTime": "",
          "isAP": 0,
          "ispool": 0,
          "lType": 8,
          "numSequence": "",
          "numSequence_pool": "",
          "number": "3 7 9 0 5 5 7",
          "number_pool": "",
          "openTime": {
            "date": 8,
            "day": 5,
            "hours": 20,
            "minutes": 30,
            "month": 2,
            "nanos": 0,
            "seconds": 0,
            "time": 1552048200000,
            "timezoneOffset": -480,
            "year": 119
          },
          "openTime_fmt": "2019年03月08日",
          "openTime_fmt1": "20190308",
          "pool": "9,857,452.29",
          "sTime": "2019-03-05 20:25:00",
          "status": 0,
          "term": "19026",
          "totalSales": "15,021,974",
          "totalSales2": "0",
          "totlSaleNews": "",
          "verify": 0
        }
      },
      {
        "codeNumber": [
          "3",
          "4",
          "6",
          "6",
          "6",
          "5",
          "0"
        ],
        "details": [
          {
            "allmoney": "0.00",
            "level": "一等奖",
            "money": "0.00",
            "num": 801,
            "piece": "0",
            "sendPrize": ""
          },
          {
            "allmoney": "296,040",
            "level": "二等奖",
            "money": "49,340",
            "num": 802,
            "piece": "6",
            "sendPrize": ""
          },
          {
            "allmoney": "144,000.00",
            "level": "三等奖",
            "money": "1,800.00",
            "num": 803,
            "piece": "80",
            "sendPrize": ""
          },
          {
            "allmoney": "446,400.00",
            "level": "四等奖",
            "money": "300.00",
            "num": 804,
            "piece": "1,488",
            "sendPrize": ""
          },
          {
            "allmoney": "411,220.00",
            "level": "五等奖",
            "money": "20.00",
            "num": 805,
            "piece": "20,561",
            "sendPrize": ""
          },
          {
            "allmoney": "1,187,805.00",
            "level": "六等奖",
            "money": "5.00",
            "num": 806,
            "piece": "237,561",
            "sendPrize": ""
          }
        ],
        "lottery": {
          "drawNews": "",
          "fTime": "",
          "isAP": 0,
          "ispool": 0,
          "lType": 8,
          "numSequence": "",
          "numSequence_pool": "",
          "number": "3 4 6 6 6 5 0",
          "number_pool": "",
          "openTime": {
            "date": 5,
            "day": 2,
            "hours": 20,
            "minutes": 30,
            "month": 2,
            "nanos": 0,
            "seconds": 0,
            "time": 1551789000000,
            "timezoneOffset": -480,
            "year": 119
          },
          "openTime_fmt": "2019年03月05日",
          "openTime_fmt1": "20190305",
          "pool": "6,192,222.76",
          "sTime": "2019-03-03 20:25:00",
          "status": 0,
          "term": "19025",
          "totalSales": "10,509,964",
          "totalSales2": "0",
          "totlSaleNews": "",
          "verify": 0
        }
      },
      {
        "codeNumber": [
          "2",
          "9",
          "4",
          "1",
          "8",
          "3",
          "5"
        ],
        "details": [
          {
            "allmoney": "0.00",
            "level": "一等奖",
            "money": "0.00",
            "num": 801,
            "piece": "0",
            "sendPrize": ""
          },
          {
            "allmoney": "280,865",
            "level": "二等奖",
            "money": "56,173",
            "num": 802,
            "piece": "5",
            "sendPrize": ""
          },
          {
            "allmoney": "172,800.00",
            "level": "三等奖",
            "money": "1,800.00",
            "num": 803,
            "piece": "96",
            "sendPrize": ""
          },
          {
            "allmoney": "480,000.00",
            "level": "四等奖",
            "money": "300.00",
            "num": 804,
            "piece": "1,600",
            "sendPrize": ""
          },
          {
            "allmoney": "402,720.00",
            "level": "五等奖",
            "money": "20.00",
            "num": 805,
            "piece": "20,136",
            "sendPrize": ""
          },
          {
            "allmoney": "1,239,590.00",
            "level": "六等奖",
            "money": "5.00",
            "num": 806,
            "piece": "247,918",
            "sendPrize": ""
          }
        ],
        "lottery": {
          "drawNews": "",
          "fTime": "",
          "isAP": 0,
          "ispool": 0,
          "lType": 8,
          "numSequence": "",
          "numSequence_pool": "",
          "number": "2 9 4 1 8 3 5",
          "number_pool": "",
          "openTime": {
            "date": 3,
            "day": 0,
            "hours": 20,
            "minutes": 30,
            "month": 2,
            "nanos": 0,
            "seconds": 0,
            "time": 1551616200000,
            "timezoneOffset": -480,
            "year": 119
          },
          "openTime_fmt": "2019年03月03日",
          "openTime_fmt1": "20190303",
          "pool": "3,527,811.14",
          "sTime": "2019-03-01 20:25:00",
          "status": 0,
          "term": "19024",
          "totalSales": "10,415,896",
          "totalSales2": "0",
          "totlSaleNews": "",
          "verify": 0
        }
      },
      {
        "codeNumber": [
          "5",
          "2",
          "5",
          "5",
          "3",
          "5",
          "7"
        ],
        "details": [
          {
            "allmoney": "26,686,380",
            "level": "一等奖",
            "money": "4,447,730",
            "num": 801,
            "piece": "6",
            "sendPrize": ""
          },
          {
            "allmoney": "385,305",
            "level": "二等奖",
            "money": "77,061",
            "num": 802,
            "piece": "5",
            "sendPrize": ""
          },
          {
            "allmoney": "324,000.00",
            "level": "三等奖",
            "money": "1,800.00",
            "num": 803,
            "piece": "180",
            "sendPrize": ""
          },
          {
            "allmoney": "791,100.00",
            "level": "四等奖",
            "money": "300.00",
            "num": 804,
            "piece": "2,637",
            "sendPrize": ""
          },
          {
            "allmoney": "749,300.00",
            "level": "五等奖",
            "money": "20.00",
            "num": 805,
            "piece": "37,465",
            "sendPrize": ""
          },
          {
            "allmoney": "2,064,785.00",
            "level": "六等奖",
            "money": "5.00",
            "num": 806,
            "piece": "412,957",
            "sendPrize": ""
          }
        ],
        "lottery": {
          "drawNews": "",
          "fTime": "",
          "isAP": 0,
          "ispool": 0,
          "lType": 8,
          "numSequence": "",
          "numSequence_pool": "",
          "number": "5 2 5 5 3 5 7",
          "number_pool": "",
          "openTime": {
            "date": 1,
            "day": 5,
            "hours": 20,
            "minutes": 30,
            "month": 2,
            "nanos": 0,
            "seconds": 0,
            "time": 1551443400000,
            "timezoneOffset": -480,
            "year": 119
          },
          "openTime_fmt": "2019年03月01日",
          "openTime_fmt1": "20190301",
          "pool": "1,000,000.00",
          "sTime": "2019-02-26 20:25:00",
          "status": 0,
          "term": "19023",
          "totalSales": "15,882,172",
          "totalSales2": "0",
          "totlSaleNews": "",
          "verify": 0
        }
      },
      {
        "codeNumber": [
          "4",
          "4",
          "8",
          "7",
          "7",
          "2",
          "6"
        ],
        "details": [
          {
            "allmoney": "0.00",
            "level": "一等奖",
            "money": "0.00",
            "num": 801,
            "piece": "0",
            "sendPrize": ""
          },
          {
            "allmoney": "291,120",
            "level": "二等奖",
            "money": "29,112",
            "num": 802,
            "piece": "10",
            "sendPrize": ""
          },
          {
            "allmoney": "230,400.00",
            "level": "三等奖",
            "money": "1,800.00",
            "num": 803,
            "piece": "128",
            "sendPrize": ""
          },
          {
            "allmoney": "554,100.00",
            "level": "四等奖",
            "money": "300.00",
            "num": 804,
            "piece": "1,847",
            "sendPrize": ""
          },
          {
            "allmoney": "449,680.00",
            "level": "五等奖",
            "money": "20.00",
            "num": 805,
            "piece": "22,484",
            "sendPrize": ""
          },
          {
            "allmoney": "1,465,005.00",
            "level": "六等奖",
            "money": "5.00",
            "num": 806,
            "piece": "293,001",
            "sendPrize": ""
          }
        ],
        "lottery": {
          "drawNews": "",
          "fTime": "",
          "isAP": 0,
          "ispool": 0,
          "lType": 8,
          "numSequence": "",
          "numSequence_pool": "",
          "number": "4 4 8 7 7 2 6",
          "number_pool": "",
          "openTime": {
            "date": 26,
            "day": 2,
            "hours": 20,
            "minutes": 30,
            "month": 1,
            "nanos": 0,
            "seconds": 0,
            "time": 1551184200000,
            "timezoneOffset": -480,
            "year": 119
          },
          "openTime_fmt": "2019年02月26日",
          "openTime_fmt1": "20190226",
          "pool": "23,218,612.27",
          "sTime": "2019-02-24 20:25:00",
          "status": 0,
          "term": "19022",
          "totalSales": "11,449,938",
          "totalSales2": "0",
          "totlSaleNews": "",
          "verify": 0
        }
      },
      {
        "codeNumber": [
          "2",
          "5",
          "0",
          "8",
          "7",
          "5",
          "0"
        ],
        "details": [
          {
            "allmoney": "0.00",
            "level": "一等奖",
            "money": "0.00",
            "num": 801,
            "piece": "0",
            "sendPrize": ""
          },
          {
            "allmoney": "297,535",
            "level": "二等奖",
            "money": "42,505",
            "num": 802,
            "piece": "7",
            "sendPrize": ""
          },
          {
            "allmoney": "234,000.00",
            "level": "三等奖",
            "money": "1,800.00",
            "num": 803,
            "piece": "130",
            "sendPrize": ""
          },
          {
            "allmoney": "511,500.00",
            "level": "四等奖",
            "money": "300.00",
            "num": 804,
            "piece": "1,705",
            "sendPrize": ""
          },
          {
            "allmoney": "435,900.00",
            "level": "五等奖",
            "money": "20.00",
            "num": 805,
            "piece": "21,795",
            "sendPrize": ""
          },
          {
            "allmoney": "1,390,495.00",
            "level": "六等奖",
            "money": "5.00",
            "num": 806,
            "piece": "278,099",
            "sendPrize": ""
          }
        ],
        "lottery": {
          "drawNews": "",
          "fTime": "",
          "isAP": 0,
          "ispool": 0,
          "lType": 8,
          "numSequence": "",
          "numSequence_pool": "",
          "number": "2 5 0 8 7 5 0",
          "number_pool": "",
          "openTime": {
            "date": 24,
            "day": 0,
            "hours": 20,
            "minutes": 30,
            "month": 1,
            "nanos": 0,
            "seconds": 0,
            "time": 1551011400000,
            "timezoneOffset": -480,
            "year": 119
          },
          "openTime_fmt": "2019年02月24日",
          "openTime_fmt1": "20190224",
          "pool": "20,598,456.11",
          "sTime": "2019-02-22 20:25:00",
          "status": 0,
          "term": "19021",
          "totalSales": "11,320,942",
          "totalSales2": "0",
          "totlSaleNews": "",
          "verify": 0
        }
      },
      {
        "codeNumber": [
          "6",
          "7",
          "1",
          "1",
          "4",
          "9",
          "3"
        ],
        "details": [
          {
            "allmoney": "10,000,000",
            "level": "一等奖",
            "money": "5,000,000",
            "num": 801,
            "piece": "2",
            "sendPrize": ""
          },
          {
            "allmoney": "388,104",
            "level": "二等奖",
            "money": "48,513",
            "num": 802,
            "piece": "8",
            "sendPrize": ""
          },
          {
            "allmoney": "367,200.00",
            "level": "三等奖",
            "money": "1,800.00",
            "num": 803,
            "piece": "204",
            "sendPrize": ""
          },
          {
            "allmoney": "877,500.00",
            "level": "四等奖",
            "money": "300.00",
            "num": 804,
            "piece": "2,925",
            "sendPrize": ""
          },
          {
            "allmoney": "669,320.00",
            "level": "五等奖",
            "money": "20.00",
            "num": 805,
            "piece": "33,466",
            "sendPrize": ""
          },
          {
            "allmoney": "1,960,775.00",
            "level": "六等奖",
            "money": "5.00",
            "num": 806,
            "piece": "392,155",
            "sendPrize": ""
          }
        ],
        "lottery": {
          "drawNews": "",
          "fTime": "",
          "isAP": 0,
          "ispool": 0,
          "lType": 8,
          "numSequence": "",
          "numSequence_pool": "",
          "number": "6 7 1 1 4 9 3",
          "number_pool": "",
          "openTime": {
            "date": 22,
            "day": 5,
            "hours": 20,
            "minutes": 30,
            "month": 1,
            "nanos": 0,
            "seconds": 0,
            "time": 1550838600000,
            "timezoneOffset": -480,
            "year": 119
          },
          "openTime_fmt": "2019年02月22日",
          "openTime_fmt1": "20190222",
          "pool": "17,920,626.19",
          "sTime": "2019-02-19 20:25:00",
          "status": 0,
          "term": "19020",
          "totalSales": "15,828,244",
          "totalSales2": "0",
          "totlSaleNews": "",
          "verify": 0
        }
      },
      {
        "codeNumber": [
          "4",
          "7",
          "9",
          "7",
          "9",
          "5",
          "3"
        ],
        "details": [
          {
            "allmoney": "5,000,000",
            "level": "一等奖",
            "money": "5,000,000",
            "num": 801,
            "piece": "1",
            "sendPrize": ""
          },
          {
            "allmoney": "332,028",
            "level": "二等奖",
            "money": "36,892",
            "num": 802,
            "piece": "9",
            "sendPrize": ""
          },
          {
            "allmoney": "160,200.00",
            "level": "三等奖",
            "money": "1,800.00",
            "num": 803,
            "piece": "89",
            "sendPrize": ""
          },
          {
            "allmoney": "442,800.00",
            "level": "四等奖",
            "money": "300.00",
            "num": 804,
            "piece": "1,476",
            "sendPrize": ""
          },
          {
            "allmoney": "390,040.00",
            "level": "五等奖",
            "money": "20.00",
            "num": 805,
            "piece": "19,502",
            "sendPrize": ""
          },
          {
            "allmoney": "1,262,610.00",
            "level": "六等奖",
            "money": "5.00",
            "num": 806,
            "piece": "252,522",
            "sendPrize": ""
          }
        ],
        "lottery": {
          "drawNews": "",
          "fTime": "",
          "isAP": 0,
          "ispool": 0,
          "lType": 8,
          "numSequence": "",
          "numSequence_pool": "",
          "number": "4 7 9 7 9 5 3",
          "number_pool": "",
          "openTime": {
            "date": 19,
            "day": 2,
            "hours": 20,
            "minutes": 30,
            "month": 1,
            "nanos": 0,
            "seconds": 0,
            "time": 1550579400000,
            "timezoneOffset": -480,
            "year": 119
          },
          "openTime_fmt": "2019年02月19日",
          "openTime_fmt1": "20190219",
          "pool": "24,427,686.09",
          "sTime": "2019-02-17 20:25:00",
          "status": 0,
          "term": "19019",
          "totalSales": "11,379,606",
          "totalSales2": "0",
          "totlSaleNews": "",
          "verify": 0
        }
      },
      {
        "codeNumber": [
          "5",
          "9",
          "4",
          "1",
          "0",
          "1",
          "2"
        ],
        "details": [
          {
            "allmoney": "0.00",
            "level": "一等奖",
            "money": "0.00",
            "num": 801,
            "piece": "0",
            "sendPrize": ""
          },
          {
            "allmoney": "213,270",
            "level": "二等奖",
            "money": "42,654",
            "num": 802,
            "piece": "5",
            "sendPrize": ""
          },
          {
            "allmoney": "394,200.00",
            "level": "三等奖",
            "money": "1,800.00",
            "num": 803,
            "piece": "219",
            "sendPrize": ""
          },
          {
            "allmoney": "946,500.00",
            "level": "四等奖",
            "money": "300.00",
            "num": 804,
            "piece": "3,155",
            "sendPrize": ""
          },
          {
            "allmoney": "580,200.00",
            "level": "五等奖",
            "money": "20.00",
            "num": 805,
            "piece": "29,010",
            "sendPrize": ""
          },
          {
            "allmoney": "1,533,735.00",
            "level": "六等奖",
            "money": "5.00",
            "num": 806,
            "piece": "306,747",
            "sendPrize": ""
          }
        ],
        "lottery": {
          "drawNews": "",
          "fTime": "",
          "isAP": 0,
          "ispool": 0,
          "lType": 8,
          "numSequence": "",
          "numSequence_pool": "",
          "number": "5 9 4 1 0 1 2",
          "number_pool": "",
          "openTime": {
            "date": 17,
            "day": 0,
            "hours": 20,
            "minutes": 30,
            "month": 1,
            "nanos": 0,
            "seconds": 0,
            "time": 1550406600000,
            "timezoneOffset": -480,
            "year": 119
          },
          "openTime_fmt": "2019年02月17日",
          "openTime_fmt1": "20190217",
          "pool": "26,439,364.84",
          "sTime": "2019-02-15 20:25:00",
          "status": 0,
          "term": "19018",
          "totalSales": "11,402,784",
          "totalSales2": "0",
          "totlSaleNews": "",
          "verify": 0
        }
      },
      {
        "codeNumber": [
          "2",
          "4",
          "9",
          "3",
          "5",
          "5",
          "9"
        ],
        "details": [
          {
            "allmoney": "0.00",
            "level": "一等奖",
            "money": "0.00",
            "num": 801,
            "piece": "0",
            "sendPrize": ""
          },
          {
            "allmoney": "441,543",
            "level": "二等奖",
            "money": "147,181",
            "num": 802,
            "piece": "3",
            "sendPrize": ""
          },
          {
            "allmoney": "194,400.00",
            "level": "三等奖",
            "money": "1,800.00",
            "num": 803,
            "piece": "108",
            "sendPrize": ""
          },
          {
            "allmoney": "572,100.00",
            "level": "四等奖",
            "money": "300.00",
            "num": 804,
            "piece": "1,907",
            "sendPrize": ""
          },
          {
            "allmoney": "518,560.00",
            "level": "五等奖",
            "money": "20.00",
            "num": 805,
            "piece": "25,928",
            "sendPrize": ""
          },
          {
            "allmoney": "1,684,495.00",
            "level": "六等奖",
            "money": "5.00",
            "num": 806,
            "piece": "336,899",
            "sendPrize": ""
          }
        ],
        "lottery": {
          "drawNews": "",
          "fTime": "",
          "isAP": 0,
          "ispool": 0,
          "lType": 8,
          "numSequence": "",
          "numSequence_pool": "",
          "number": "2 4 9 3 5 5 9",
          "number_pool": "",
          "openTime": {
            "date": 15,
            "day": 5,
            "hours": 20,
            "minutes": 30,
            "month": 1,
            "nanos": 0,
            "seconds": 0,
            "time": 1550233800000,
            "timezoneOffset": -480,
            "year": 119
          },
          "openTime_fmt": "2019年02月15日",
          "openTime_fmt1": "20190215",
          "pool": "24,519,908.60",
          "sTime": "2019-02-12 20:25:00",
          "status": 0,
          "term": "19017",
          "totalSales": "15,071,410",
          "totalSales2": "0",
          "totlSaleNews": "",
          "verify": 0
        }
      },
      {
        "codeNumber": [
          "0",
          "2",
          "0",
          "7",
          "0",
          "6",
          "0"
        ],
        "details": [
          {
            "allmoney": "0.00",
            "level": "一等奖",
            "money": "0.00",
            "num": 801,
            "piece": "0",
            "sendPrize": ""
          },
          {
            "allmoney": "303,204",
            "level": "二等奖",
            "money": "50,534",
            "num": 802,
            "piece": "6",
            "sendPrize": ""
          },
          {
            "allmoney": "297,000.00",
            "level": "三等奖",
            "money": "1,800.00",
            "num": 803,
            "piece": "165",
            "sendPrize": ""
          },
          {
            "allmoney": "507,900.00",
            "level": "四等奖",
            "money": "300.00",
            "num": 804,
            "piece": "1,693",
            "sendPrize": ""
          },
          {
            "allmoney": "433,360.00",
            "level": "五等奖",
            "money": "20.00",
            "num": 805,
            "piece": "21,668",
            "sendPrize": ""
          },
          {
            "allmoney": "1,231,030.00",
            "level": "六等奖",
            "money": "5.00",
            "num": 806,
            "piece": "246,206",
            "sendPrize": ""
          }
        ],
        "lottery": {
          "drawNews": "",
          "fTime": "",
          "isAP": 0,
          "ispool": 0,
          "lType": 8,
          "numSequence": "",
          "numSequence_pool": "",
          "number": "0 2 0 7 0 6 0",
          "number_pool": "",
          "openTime": {
            "date": 12,
            "day": 2,
            "hours": 20,
            "minutes": 30,
            "month": 1,
            "nanos": 0,
            "seconds": 0,
            "time": 1549974600000,
            "timezoneOffset": -480,
            "year": 119
          },
          "openTime_fmt": "2019年02月12日",
          "openTime_fmt1": "20190212",
          "pool": "20,546,016.29",
          "sTime": "2019-02-03 20:25:00",
          "status": 0,
          "term": "19016",
          "totalSales": "11,227,248",
          "totalSales2": "0",
          "totlSaleNews": "",
          "verify": 0
        }
      },
      {
        "codeNumber": [
          "3",
          "9",
          "9",
          "3",
          "0",
          "7",
          "2"
        ],
        "details": [
          {
            "allmoney": "0.00",
            "level": "一等奖",
            "money": "0.00",
            "num": 801,
            "piece": "0",
            "sendPrize": ""
          },
          {
            "allmoney": "333,405.00",
            "level": "二等奖",
            "money": "37,045.00",
            "num": 802,
            "piece": "9",
            "sendPrize": ""
          },
          {
            "allmoney": "181,800.00",
            "level": "三等奖",
            "money": "1,800.00",
            "num": 803,
            "piece": "101",
            "sendPrize": ""
          },
          {
            "allmoney": "531,600.00",
            "level": "四等奖",
            "money": "300.00",
            "num": 804,
            "piece": "1,772",
            "sendPrize": ""
          },
          {
            "allmoney": "446,000.00",
            "level": "五等奖",
            "money": "20.00",
            "num": 805,
            "piece": "22,300",
            "sendPrize": ""
          },
          {
            "allmoney": "1,416,830.00",
            "level": "六等奖",
            "money": "5.00",
            "num": 806,
            "piece": "283,366",
            "sendPrize": ""
          }
        ],
        "lottery": {
          "drawNews": "",
          "fTime": "",
          "isAP": 0,
          "ispool": 0,
          "lType": 8,
          "numSequence": "",
          "numSequence_pool": "",
          "number": "3 9 9 3 0 7 2",
          "number_pool": "",
          "openTime": {
            "date": 3,
            "day": 0,
            "hours": 20,
            "minutes": 30,
            "month": 1,
            "nanos": 0,
            "seconds": 0,
            "time": 1549197000000,
            "timezoneOffset": -480,
            "year": 119
          },
          "openTime_fmt": "2019年02月03日",
          "openTime_fmt1": "20190203",
          "pool": "17,817,160.92",
          "sTime": "2019-02-01 20:25:00",
          "status": 0,
          "term": "19015",
          "totalSales": "12,061,824",
          "totalSales2": "0",
          "totlSaleNews": "",
          "verify": 0
        }
      },
      {
        "codeNumber": [
          "6",
          "6",
          "3",
          "0",
          "8",
          "4",
          "9"
        ],
        "details": [
          {
            "allmoney": "5,000,000",
            "level": "一等奖",
            "money": "5,000,000",
            "num": 801,
            "piece": "1",
            "sendPrize": ""
          },
          {
            "allmoney": "419,085",
            "level": "二等奖",
            "money": "46,565",
            "num": 802,
            "piece": "9",
            "sendPrize": ""
          },
          {
            "allmoney": "356,400.00",
            "level": "三等奖",
            "money": "1,800.00",
            "num": 803,
            "piece": "198",
            "sendPrize": ""
          },
          {
            "allmoney": "609,900.00",
            "level": "四等奖",
            "money": "300.00",
            "num": 804,
            "piece": "2,033",
            "sendPrize": ""
          },
          {
            "allmoney": "567,180.00",
            "level": "五等奖",
            "money": "20.00",
            "num": 805,
            "piece": "28,359",
            "sendPrize": ""
          },
          {
            "allmoney": "1,748,620.00",
            "level": "六等奖",
            "money": "5.00",
            "num": 806,
            "piece": "349,724",
            "sendPrize": ""
          }
        ],
        "lottery": {
          "drawNews": "",
          "fTime": "",
          "isAP": 0,
          "ispool": 0,
          "lType": 8,
          "numSequence": "",
          "numSequence_pool": "",
          "number": "6 6 3 0 8 4 9",
          "number_pool": "",
          "openTime": {
            "date": 1,
            "day": 5,
            "hours": 20,
            "minutes": 30,
            "month": 1,
            "nanos": 0,
            "seconds": 0,
            "time": 1549024200000,
            "timezoneOffset": -480,
            "year": 119
          },
          "openTime_fmt": "2019年02月01日",
          "openTime_fmt1": "20190201",
          "pool": "14,816,503.54",
          "sTime": "2019-01-29 20:25:00",
          "status": 0,
          "term": "19014",
          "totalSales": "15,251,088",
          "totalSales2": "0",
          "totlSaleNews": "",
          "verify": 0
        }
      },
      {
        "codeNumber": [
          "3",
          "1",
          "7",
          "8",
          "8",
          "6",
          "2"
        ],
        "details": [
          {
            "allmoney": "0.00",
            "level": "一等奖",
            "money": "0.00",
            "num": 801,
            "piece": "0",
            "sendPrize": ""
          },
          {
            "allmoney": "238,200",
            "level": "二等奖",
            "money": "23,820",
            "num": 802,
            "piece": "10",
            "sendPrize": ""
          },
          {
            "allmoney": "275,400.00",
            "level": "三等奖",
            "money": "1,800.00",
            "num": 803,
            "piece": "153",
            "sendPrize": ""
          },
          {
            "allmoney": "639,300.00",
            "level": "四等奖",
            "money": "300.00",
            "num": 804,
            "piece": "2,131",
            "sendPrize": ""
          },
          {
            "allmoney": "511,560.00",
            "level": "五等奖",
            "money": "20.00",
            "num": 805,
            "piece": "25,578",
            "sendPrize": ""
          },
          {
            "allmoney": "1,490,975.00",
            "level": "六等奖",
            "money": "5.00",
            "num": 806,
            "piece": "298,195",
            "sendPrize": ""
          }
        ],
        "lottery": {
          "drawNews": "",
          "fTime": "",
          "isAP": 0,
          "ispool": 0,
          "lType": 8,
          "numSequence": "",
          "numSequence_pool": "",
          "number": "3 1 7 8 8 6 2",
          "number_pool": "",
          "openTime": {
            "date": 29,
            "day": 2,
            "hours": 20,
            "minutes": 30,
            "month": 0,
            "nanos": 0,
            "seconds": 0,
            "time": 1548765000000,
            "timezoneOffset": -480,
            "year": 119
          },
          "openTime_fmt": "2019年01月29日",
          "openTime_fmt1": "20190129",
          "pool": "16,044,663.73",
          "sTime": "2019-01-27 20:25:00",
          "status": 0,
          "term": "19013",
          "totalSales": "10,814,922",
          "totalSales2": "0",
          "totlSaleNews": "",
          "verify": 0
        }
      },
      {
        "codeNumber": [
          "6",
          "2",
          "1",
          "4",
          "2",
          "4",
          "1"
        ],
        "details": [
          {
            "allmoney": "0.00",
            "level": "一等奖",
            "money": "0.00",
            "num": 801,
            "piece": "0",
            "sendPrize": ""
          },
          {
            "allmoney": "258,269",
            "level": "二等奖",
            "money": "23,479",
            "num": 802,
            "piece": "11",
            "sendPrize": ""
          },
          {
            "allmoney": "214,200.00",
            "level": "三等奖",
            "money": "1,800.00",
            "num": 803,
            "piece": "119",
            "sendPrize": ""
          },
          {
            "allmoney": "551,100.00",
            "level": "四等奖",
            "money": "300.00",
            "num": 804,
            "piece": "1,837",
            "sendPrize": ""
          },
          {
            "allmoney": "537,180.00",
            "level": "五等奖",
            "money": "20.00",
            "num": 805,
            "piece": "26,859",
            "sendPrize": ""
          },
          {
            "allmoney": "1,441,065.00",
            "level": "六等奖",
            "money": "5.00",
            "num": 806,
            "piece": "288,213",
            "sendPrize": ""
          }
        ],
        "lottery": {
          "drawNews": "",
          "fTime": "",
          "isAP": 0,
          "ispool": 0,
          "lType": 8,
          "numSequence": "",
          "numSequence_pool": "",
          "number": "6 2 1 4 2 4 1",
          "number_pool": "",
          "openTime": {
            "date": 27,
            "day": 0,
            "hours": 20,
            "minutes": 30,
            "month": 0,
            "nanos": 0,
            "seconds": 0,
            "time": 1548592200000,
            "timezoneOffset": -480,
            "year": 119
          },
          "openTime_fmt": "2019年01月27日",
          "openTime_fmt1": "20190127",
          "pool": "13,900,794.63",
          "sTime": "2019-01-25 20:25:00",
          "status": 0,
          "term": "19012",
          "totalSales": "10,869,904",
          "totalSales2": "0",
          "totlSaleNews": "",
          "verify": 0
        }
      },
      {
        "codeNumber": [
          "9",
          "1",
          "8",
          "7",
          "5",
          "3",
          "5"
        ],
        "details": [
          {
            "allmoney": "5,000,000",
            "level": "一等奖",
            "money": "5,000,000",
            "num": 801,
            "piece": "1",
            "sendPrize": ""
          },
          {
            "allmoney": "366,450",
            "level": "二等奖",
            "money": "17,450",
            "num": 802,
            "piece": "21",
            "sendPrize": ""
          },
          {
            "allmoney": "430,200.00",
            "level": "三等奖",
            "money": "1,800.00",
            "num": 803,
            "piece": "239",
            "sendPrize": ""
          },
          {
            "allmoney": "822,300.00",
            "level": "四等奖",
            "money": "300.00",
            "num": 804,
            "piece": "2,741",
            "sendPrize": ""
          },
          {
            "allmoney": "640,360.00",
            "level": "五等奖",
            "money": "20.00",
            "num": 805,
            "piece": "32,018",
            "sendPrize": ""
          },
          {
            "allmoney": "1,811,680.00",
            "level": "六等奖",
            "money": "5.00",
            "num": 806,
            "piece": "362,336",
            "sendPrize": ""
          }
        ],
        "lottery": {
          "drawNews": "",
          "fTime": "",
          "isAP": 0,
          "ispool": 0,
          "lType": 8,
          "numSequence": "",
          "numSequence_pool": "",
          "number": "9 1 8 7 5 3 5",
          "number_pool": "",
          "openTime": {
            "date": 25,
            "day": 5,
            "hours": 20,
            "minutes": 30,
            "month": 0,
            "nanos": 0,
            "seconds": 0,
            "time": 1548419400000,
            "timezoneOffset": -480,
            "year": 119
          },
          "openTime_fmt": "2019年01月25日",
          "openTime_fmt1": "20190125",
          "pool": "11,576,357.47",
          "sTime": "2019-01-22 20:25:00",
          "status": 0,
          "term": "19011",
          "totalSales": "15,039,266",
          "totalSales2": "0",
          "totlSaleNews": "",
          "verify": 0
        }
      },
      {
        "codeNumber": [
          "2",
          "8",
          "2",
          "3",
          "8",
          "3",
          "9"
        ],
        "details": [
          {
            "allmoney": "0.00",
            "level": "一等奖",
            "money": "0.00",
            "num": 801,
            "piece": "0",
            "sendPrize": ""
          },
          {
            "allmoney": "263,076",
            "level": "二等奖",
            "money": "21,923",
            "num": 802,
            "piece": "12",
            "sendPrize": ""
          },
          {
            "allmoney": "232,200.00",
            "level": "三等奖",
            "money": "1,800.00",
            "num": 803,
            "piece": "129",
            "sendPrize": ""
          },
          {
            "allmoney": "533,400.00",
            "level": "四等奖",
            "money": "300.00",
            "num": 804,
            "piece": "1,778",
            "sendPrize": ""
          },
          {
            "allmoney": "481,140.00",
            "level": "五等奖",
            "money": "20.00",
            "num": 805,
            "piece": "24,057",
            "sendPrize": ""
          },
          {
            "allmoney": "1,351,480.00",
            "level": "六等奖",
            "money": "5.00",
            "num": 806,
            "piece": "270,296",
            "sendPrize": ""
          }
        ],
        "lottery": {
          "drawNews": "",
          "fTime": "",
          "isAP": 0,
          "ispool": 0,
          "lType": 8,
          "numSequence": "",
          "numSequence_pool": "",
          "number": "2 8 2 3 8 3 9",
          "number_pool": "",
          "openTime": {
            "date": 22,
            "day": 2,
            "hours": 20,
            "minutes": 30,
            "month": 0,
            "nanos": 0,
            "seconds": 0,
            "time": 1548160200000,
            "timezoneOffset": -480,
            "year": 119
          },
          "openTime_fmt": "2019年01月22日",
          "openTime_fmt1": "20190122",
          "pool": "13,278,127.16",
          "sTime": "2019-01-20 20:25:00",
          "status": 0,
          "term": "19010",
          "totalSales": "10,671,472",
          "totalSales2": "0",
          "totlSaleNews": "",
          "verify": 0
        }
      },
      {
        "codeNumber": [
          "7",
          "1",
          "9",
          "7",
          "1",
          "8",
          "9"
        ],
        "details": [
          {
            "allmoney": "0.00",
            "level": "一等奖",
            "money": "0.00",
            "num": 801,
            "piece": "0",
            "sendPrize": ""
          },
          {
            "allmoney": "250,976",
            "level": "二等奖",
            "money": "31,372",
            "num": 802,
            "piece": "8",
            "sendPrize": ""
          },
          {
            "allmoney": "268,200.00",
            "level": "三等奖",
            "money": "1,800.00",
            "num": 803,
            "piece": "149",
            "sendPrize": ""
          },
          {
            "allmoney": "593,100.00",
            "level": "四等奖",
            "money": "300.00",
            "num": 804,
            "piece": "1,977",
            "sendPrize": ""
          },
          {
            "allmoney": "484,740.00",
            "level": "五等奖",
            "money": "20.00",
            "num": 805,
            "piece": "24,237",
            "sendPrize": ""
          },
          {
            "allmoney": "1,410,850.00",
            "level": "六等奖",
            "money": "5.00",
            "num": 806,
            "piece": "282,170",
            "sendPrize": ""
          }
        ],
        "lottery": {
          "drawNews": "",
          "fTime": "",
          "isAP": 0,
          "ispool": 0,
          "lType": 8,
          "numSequence": "",
          "numSequence_pool": "",
          "number": "7 1 9 7 1 8 9",
          "number_pool": "",
          "openTime": {
            "date": 20,
            "day": 0,
            "hours": 20,
            "minutes": 30,
            "month": 0,
            "nanos": 0,
            "seconds": 0,
            "time": 1547987400000,
            "timezoneOffset": -480,
            "year": 119
          },
          "openTime_fmt": "2019年01月20日",
          "openTime_fmt1": "20190120",
          "pool": "10,910,406.01",
          "sTime": "2019-01-18 20:25:00",
          "status": 0,
          "term": "19009",
          "totalSales": "10,748,368",
          "totalSales2": "0",
          "totlSaleNews": "",
          "verify": 0
        }
      },
      {
        "codeNumber": [
          "8",
          "7",
          "3",
          "9",
          "5",
          "4",
          "7"
        ],
        "details": [
          {
            "allmoney": "5,000,000",
            "level": "一等奖",
            "money": "5,000,000",
            "num": 801,
            "piece": "1",
            "sendPrize": ""
          },
          {
            "allmoney": "386,592",
            "level": "二等奖",
            "money": "32,216",
            "num": 802,
            "piece": "12",
            "sendPrize": ""
          },
          {
            "allmoney": "343,800.00",
            "level": "三等奖",
            "money": "1,800.00",
            "num": 803,
            "piece": "191",
            "sendPrize": ""
          },
          {
            "allmoney": "732,000.00",
            "level": "四等奖",
            "money": "300.00",
            "num": 804,
            "piece": "2,440",
            "sendPrize": ""
          },
          {
            "allmoney": "588,740.00",
            "level": "五等奖",
            "money": "20.00",
            "num": 805,
            "piece": "29,437",
            "sendPrize": ""
          },
          {
            "allmoney": "1,762,420.00",
            "level": "六等奖",
            "money": "5.00",
            "num": 806,
            "piece": "352,484",
            "sendPrize": ""
          }
        ],
        "lottery": {
          "drawNews": "",
          "fTime": "",
          "isAP": 0,
          "ispool": 0,
          "lType": 8,
          "numSequence": "",
          "numSequence_pool": "",
          "number": "8 7 3 9 5 4 7",
          "number_pool": "",
          "openTime": {
            "date": 18,
            "day": 5,
            "hours": 20,
            "minutes": 30,
            "month": 0,
            "nanos": 0,
            "seconds": 0,
            "time": 1547814600000,
            "timezoneOffset": -480,
            "year": 119
          },
          "openTime_fmt": "2019年01月18日",
          "openTime_fmt1": "20190118",
          "pool": "8,651,576.72",
          "sTime": "2019-01-15 20:25:00",
          "status": 0,
          "term": "19008",
          "totalSales": "14,883,456",
          "totalSales2": "0",
          "totlSaleNews": "",
          "verify": 0
        }
      },
      {
        "codeNumber": [
          "2",
          "8",
          "4",
          "0",
          "6",
          "8",
          "9"
        ],
        "details": [
          {
            "allmoney": "0.00",
            "level": "一等奖",
            "money": "0.00",
            "num": 801,
            "piece": "0",
            "sendPrize": ""
          },
          {
            "allmoney": "290,338.00",
            "level": "二等奖",
            "money": "145,169.00",
            "num": 802,
            "piece": "2",
            "sendPrize": ""
          },
          {
            "allmoney": "190,800.00",
            "level": "三等奖",
            "money": "1,800.00",
            "num": 803,
            "piece": "106",
            "sendPrize": ""
          },
          {
            "allmoney": "415,500.00",
            "level": "四等奖",
            "money": "300.00",
            "num": 804,
            "piece": "1,385",
            "sendPrize": ""
          },
          {
            "allmoney": "389,400.00",
            "level": "五等奖",
            "money": "20.00",
            "num": 805,
            "piece": "19,470",
            "sendPrize": ""
          },
          {
            "allmoney": "1,229,150.00",
            "level": "六等奖",
            "money": "5.00",
            "num": 806,
            "piece": "245,830",
            "sendPrize": ""
          }
        ],
        "lottery": {
          "drawNews": "",
          "fTime": "",
          "isAP": 0,
          "ispool": 0,
          "lType": 8,
          "numSequence": "",
          "numSequence_pool": "",
          "number": "2 8 4 0 6 8 9",
          "number_pool": "",
          "openTime": {
            "date": 15,
            "day": 2,
            "hours": 20,
            "minutes": 30,
            "month": 0,
            "nanos": 0,
            "seconds": 0,
            "time": 1547555400000,
            "timezoneOffset": -480,
            "year": 119
          },
          "openTime_fmt": "2019年01月15日",
          "openTime_fmt1": "20190115",
          "pool": "10,172,236.62",
          "sTime": "2019-01-13 20:25:00",
          "status": 0,
          "term": "19007",
          "totalSales": "10,465,812",
          "totalSales2": "0",
          "totlSaleNews": "",
          "verify": 0
        }
      },
      {
        "codeNumber": [
          "0",
          "6",
          "2",
          "4",
          "7",
          "5",
          "5"
        ],
        "details": [
          {
            "allmoney": "0.00",
            "level": "一等奖",
            "money": "0.00",
            "num": 801,
            "piece": "0",
            "sendPrize": ""
          },
          {
            "allmoney": "295,242",
            "level": "二等奖",
            "money": "49,207",
            "num": 802,
            "piece": "6",
            "sendPrize": ""
          },
          {
            "allmoney": "243,000.00",
            "level": "三等奖",
            "money": "1,800.00",
            "num": 803,
            "piece": "135",
            "sendPrize": ""
          },
          {
            "allmoney": "435,000.00",
            "level": "四等奖",
            "money": "300.00",
            "num": 804,
            "piece": "1,450",
            "sendPrize": ""
          },
          {
            "allmoney": "374,260.00",
            "level": "五等奖",
            "money": "20.00",
            "num": 805,
            "piece": "18,713",
            "sendPrize": ""
          },
          {
            "allmoney": "1,141,185.00",
            "level": "六等奖",
            "money": "5.00",
            "num": 806,
            "piece": "228,237",
            "sendPrize": ""
          }
        ],
        "lottery": {
          "drawNews": "",
          "fTime": "",
          "isAP": 0,
          "ispool": 0,
          "lType": 8,
          "numSequence": "",
          "numSequence_pool": "",
          "number": "0 6 2 4 7 5 5",
          "number_pool": "",
          "openTime": {
            "date": 13,
            "day": 0,
            "hours": 20,
            "minutes": 30,
            "month": 0,
            "nanos": 0,
            "seconds": 0,
            "time": 1547382600000,
            "timezoneOffset": -480,
            "year": 119
          },
          "openTime_fmt": "2019年01月13日",
          "openTime_fmt1": "20190113",
          "pool": "7,559,178.53",
          "sTime": "2019-01-11 20:25:00",
          "status": 0,
          "term": "19006",
          "totalSales": "10,501,844",
          "totalSales2": "0",
          "totlSaleNews": "",
          "verify": 0
        }
      },
      {
        "codeNumber": [
          "4",
          "9",
          "1",
          "5",
          "2",
          "7",
          "6"
        ],
        "details": [
          {
            "allmoney": "5,000,000.00",
            "level": "一等奖",
            "money": "5,000,000.00",
            "num": 801,
            "piece": "1",
            "sendPrize": ""
          },
          {
            "allmoney": "342,146.00",
            "level": "二等奖",
            "money": "24,439.00",
            "num": 802,
            "piece": "14",
            "sendPrize": ""
          },
          {
            "allmoney": "417,600.00",
            "level": "三等奖",
            "money": "1,800.00",
            "num": 803,
            "piece": "232",
            "sendPrize": ""
          },
          {
            "allmoney": "770,400.00",
            "level": "四等奖",
            "money": "300.00",
            "num": 804,
            "piece": "2,568",
            "sendPrize": ""
          },
          {
            "allmoney": "640,800.00",
            "level": "五等奖",
            "money": "20.00",
            "num": 805,
            "piece": "32,040",
            "sendPrize": ""
          },
          {
            "allmoney": "1,794,535.00",
            "level": "六等奖",
            "money": "5.00",
            "num": 806,
            "piece": "358,907",
            "sendPrize": ""
          }
        ],
        "lottery": {
          "drawNews": "",
          "fTime": "",
          "isAP": 0,
          "ispool": 0,
          "lType": 8,
          "numSequence": "",
          "numSequence_pool": "",
          "number": "4 9 1 5 2 7 6",
          "number_pool": "",
          "openTime": {
            "date": 11,
            "day": 5,
            "hours": 20,
            "minutes": 30,
            "month": 0,
            "nanos": 0,
            "seconds": 0,
            "time": 1547209800000,
            "timezoneOffset": -480,
            "year": 119
          },
          "openTime_fmt": "2019年01月11日",
          "openTime_fmt1": "20190111",
          "pool": "4,901,965.83",
          "sTime": "2019-01-08 20:25:00",
          "status": 0,
          "term": "19005",
          "totalSales": "14,377,312",
          "totalSales2": "0",
          "totlSaleNews": "",
          "verify": 0
        }
      },
      {
        "codeNumber": [
          "4",
          "4",
          "6",
          "0",
          "9",
          "2",
          "2"
        ],
        "details": [
          {
            "allmoney": "0.00",
            "level": "一等奖",
            "money": "0.00",
            "num": 801,
            "piece": "0",
            "sendPrize": ""
          },
          {
            "allmoney": "259,496",
            "level": "二等奖",
            "money": "32,437",
            "num": 802,
            "piece": "8",
            "sendPrize": ""
          },
          {
            "allmoney": "225,000.00",
            "level": "三等奖",
            "money": "1,800.00",
            "num": 803,
            "piece": "125",
            "sendPrize": ""
          },
          {
            "allmoney": "510,600.00",
            "level": "四等奖",
            "money": "300.00",
            "num": 804,
            "piece": "1,702",
            "sendPrize": ""
          },
          {
            "allmoney": "403,300.00",
            "level": "五等奖",
            "money": "20.00",
            "num": 805,
            "piece": "20,165",
            "sendPrize": ""
          },
          {
            "allmoney": "1,223,070.00",
            "level": "六等奖",
            "money": "5.00",
            "num": 806,
            "piece": "244,614",
            "sendPrize": ""
          }
        ],
        "lottery": {
          "drawNews": "",
          "fTime": "",
          "isAP": 0,
          "ispool": 0,
          "lType": 8,
          "numSequence": "",
          "numSequence_pool": "",
          "number": "4 4 6 0 9 2 2",
          "number_pool": "",
          "openTime": {
            "date": 8,
            "day": 2,
            "hours": 20,
            "minutes": 30,
            "month": 0,
            "nanos": 0,
            "seconds": 0,
            "time": 1546950600000,
            "timezoneOffset": -480,
            "year": 119
          },
          "openTime_fmt": "2019年01月08日",
          "openTime_fmt1": "20190108",
          "pool": "6,822,572.74",
          "sTime": "2019-01-06 20:25:00",
          "status": 0,
          "term": "19004",
          "totalSales": "10,116,240",
          "totalSales2": "0",
          "totlSaleNews": "",
          "verify": 0
        }
      },
      {
        "codeNumber": [
          "9",
          "9",
          "5",
          "0",
          "5",
          "4",
          "4"
        ],
        "details": [
          {
            "allmoney": "0.00",
            "level": "一等奖",
            "money": "0.00",
            "num": 801,
            "piece": "0",
            "sendPrize": ""
          },
          {
            "allmoney": "283,599",
            "level": "二等奖",
            "money": "94,533",
            "num": 802,
            "piece": "3",
            "sendPrize": ""
          },
          {
            "allmoney": "212,400.00",
            "level": "三等奖",
            "money": "1,800.00",
            "num": 803,
            "piece": "118",
            "sendPrize": ""
          },
          {
            "allmoney": "426,000.00",
            "level": "四等奖",
            "money": "300.00",
            "num": 804,
            "piece": "1,420",
            "sendPrize": ""
          },
          {
            "allmoney": "369,640.00",
            "level": "五等奖",
            "money": "20.00",
            "num": 805,
            "piece": "18,482",
            "sendPrize": ""
          },
          {
            "allmoney": "1,190,660.00",
            "level": "六等奖",
            "money": "5.00",
            "num": 806,
            "piece": "238,132",
            "sendPrize": ""
          }
        ],
        "lottery": {
          "drawNews": "",
          "fTime": "",
          "isAP": 0,
          "ispool": 0,
          "lType": 8,
          "numSequence": "",
          "numSequence_pool": "",
          "number": "9 9 5 0 5 4 4",
          "number_pool": "",
          "openTime": {
            "date": 6,
            "day": 0,
            "hours": 20,
            "minutes": 30,
            "month": 0,
            "nanos": 0,
            "seconds": 0,
            "time": 1546777800000,
            "timezoneOffset": -480,
            "year": 119
          },
          "openTime_fmt": "2019年01月06日",
          "openTime_fmt1": "20190106",
          "pool": "4,487,083.90",
          "sTime": "2019-01-04 20:25:00",
          "status": 0,
          "term": "19003",
          "totalSales": "10,274,888",
          "totalSales2": "0",
          "totlSaleNews": "",
          "verify": 0
        }
      },
      {
        "codeNumber": [
          "1",
          "1",
          "6",
          "4",
          "4",
          "7",
          "5"
        ],
        "details": [
          {
            "allmoney": "5,000,000",
            "level": "一等奖",
            "money": "5,000,000",
            "num": 801,
            "piece": "1",
            "sendPrize": ""
          },
          {
            "allmoney": "399,884",
            "level": "二等奖",
            "money": "99,971",
            "num": 802,
            "piece": "4",
            "sendPrize": ""
          },
          {
            "allmoney": "187,200.00",
            "level": "三等奖",
            "money": "1,800.00",
            "num": 803,
            "piece": "104",
            "sendPrize": ""
          },
          {
            "allmoney": "531,600.00",
            "level": "四等奖",
            "money": "300.00",
            "num": 804,
            "piece": "1,772",
            "sendPrize": ""
          },
          {
            "allmoney": "518,140.00",
            "level": "五等奖",
            "money": "20.00",
            "num": 805,
            "piece": "25,907",
            "sendPrize": ""
          },
          {
            "allmoney": "1,698,365.00",
            "level": "六等奖",
            "money": "5.00",
            "num": 806,
            "piece": "339,673",
            "sendPrize": ""
          }
        ],
        "lottery": {
          "drawNews": "",
          "fTime": "",
          "isAP": 0,
          "ispool": 0,
          "lType": 8,
          "numSequence": "",
          "numSequence_pool": "",
          "number": "1 1 6 4 4 7 5",
          "number_pool": "",
          "openTime": {
            "date": 4,
            "day": 5,
            "hours": 20,
            "minutes": 30,
            "month": 0,
            "nanos": 0,
            "seconds": 0,
            "time": 1546605000000,
            "timezoneOffset": -480,
            "year": 119
          },
          "openTime_fmt": "2019年01月04日",
          "openTime_fmt1": "20190104",
          "pool": "1,934,688.29",
          "sTime": "2019-01-01 20:25:00",
          "status": 0,
          "term": "19002",
          "totalSales": "14,151,386",
          "totalSales2": "0",
          "totlSaleNews": "",
          "verify": 0
        }
      },
      {
        "codeNumber": [
          "6",
          "5",
          "9",
          "6",
          "6",
          "2",
          "9"
        ],
        "details": [
          {
            "allmoney": "0.00",
            "level": "一等奖",
            "money": "0.00",
            "num": 801,
            "piece": "0",
            "sendPrize": ""
          },
          {
            "allmoney": "259,522",
            "level": "二等奖",
            "money": "129,761",
            "num": 802,
            "piece": "2",
            "sendPrize": ""
          },
          {
            "allmoney": "185,400.00",
            "level": "三等奖",
            "money": "1,800.00",
            "num": 803,
            "piece": "103",
            "sendPrize": ""
          },
          {
            "allmoney": "474,600.00",
            "level": "四等奖",
            "money": "300.00",
            "num": 804,
            "piece": "1,582",
            "sendPrize": ""
          },
          {
            "allmoney": "401,620.00",
            "level": "五等奖",
            "money": "20.00",
            "num": 805,
            "piece": "20,081",
            "sendPrize": ""
          },
          {
            "allmoney": "1,235,220.00",
            "level": "六等奖",
            "money": "5.00",
            "num": 806,
            "piece": "247,044",
            "sendPrize": ""
          }
        ],
        "lottery": {
          "drawNews": "",
          "fTime": "",
          "isAP": 0,
          "ispool": 0,
          "lType": 8,
          "numSequence": "",
          "numSequence_pool": "",
          "number": "6 5 9 6 6 2 9",
          "number_pool": "",
          "openTime": {
            "date": 1,
            "day": 2,
            "hours": 20,
            "minutes": 30,
            "month": 0,
            "nanos": 0,
            "seconds": 0,
            "time": 1546345800000,
            "timezoneOffset": -480,
            "year": 119
          },
          "openTime_fmt": "2019年01月01日",
          "openTime_fmt1": "20190101",
          "pool": "3,335,701.56",
          "sTime": "2018-12-30 20:25:00",
          "status": 0,
          "term": "19001",
          "totalSales": "9,983,804",
          "totalSales2": "0",
          "totlSaleNews": "",
          "verify": 0
        }
      },
      {
        "codeNumber": [
          "6",
          "5",
          "6",
          "9",
          "9",
          "4",
          "7"
        ],
        "details": [
          {
            "allmoney": "7,029,448.00",
            "level": "一等奖",
            "money": "3,514,724.00",
            "num": 801,
            "piece": "2",
            "sendPrize": ""
          },
          {
            "allmoney": "261,554.00",
            "level": "二等奖",
            "money": "13,766.00",
            "num": 802,
            "piece": "19",
            "sendPrize": ""
          },
          {
            "allmoney": "235,800.00",
            "level": "三等奖",
            "money": "1,800.00",
            "num": 803,
            "piece": "131",
            "sendPrize": ""
          },
          {
            "allmoney": "543,900.00",
            "level": "四等奖",
            "money": "300.00",
            "num": 804,
            "piece": "1,813",
            "sendPrize": ""
          },
          {
            "allmoney": "396,020.00",
            "level": "五等奖",
            "money": "20.00",
            "num": 805,
            "piece": "19,801",
            "sendPrize": ""
          },
          {
            "allmoney": "1,182,770.00",
            "level": "六等奖",
            "money": "5.00",
            "num": 806,
            "piece": "236,554",
            "sendPrize": ""
          }
        ],
        "lottery": {
          "drawNews": "",
          "fTime": "",
          "isAP": 0,
          "ispool": 0,
          "lType": 8,
          "numSequence": "",
          "numSequence_pool": "",
          "number": "6 5 6 9 9 4 7",
          "number_pool": "",
          "openTime": {
            "date": 30,
            "day": 0,
            "hours": 20,
            "minutes": 30,
            "month": 11,
            "nanos": 0,
            "seconds": 0,
            "time": 1546173000000,
            "timezoneOffset": -480,
            "year": 118
          },
          "openTime_fmt": "2018年12月30日",
          "openTime_fmt1": "20181230",
          "pool": "1,000,000.00",
          "sTime": "2018-12-28 20:25:00",
          "status": 0,
          "term": "18153",
          "totalSales": "10,151,120",
          "totalSales2": "0",
          "totlSaleNews": "",
          "verify": 0
        }
      },
      {
        "codeNumber": [
          "4",
          "7",
          "2",
          "7",
          "6",
          "2",
          "7"
        ],
        "details": [
          {
            "allmoney": "5,000,000.00",
            "level": "一等奖",
            "money": "5,000,000.00",
            "num": 801,
            "piece": "1",
            "sendPrize": ""
          },
          {
            "allmoney": "335,390.00",
            "level": "二等奖",
            "money": "33,539.00",
            "num": 802,
            "piece": "10",
            "sendPrize": ""
          },
          {
            "allmoney": "356,400.00",
            "level": "三等奖",
            "money": "1,800.00",
            "num": 803,
            "piece": "198",
            "sendPrize": ""
          },
          {
            "allmoney": "782,100.00",
            "level": "四等奖",
            "money": "300.00",
            "num": 804,
            "piece": "2,607",
            "sendPrize": ""
          },
          {
            "allmoney": "643,940.00",
            "level": "五等奖",
            "money": "20.00",
            "num": 805,
            "piece": "32,197",
            "sendPrize": ""
          },
          {
            "allmoney": "1,829,460.00",
            "level": "六等奖",
            "money": "5.00",
            "num": 806,
            "piece": "365,892",
            "sendPrize": ""
          }
        ],
        "lottery": {
          "drawNews": "",
          "fTime": "",
          "isAP": 0,
          "ispool": 0,
          "lType": 8,
          "numSequence": "",
          "numSequence_pool": "",
          "number": "4 7 2 7 6 2 7",
          "number_pool": "",
          "openTime": {
            "date": 28,
            "day": 5,
            "hours": 20,
            "minutes": 30,
            "month": 11,
            "nanos": 0,
            "seconds": 0,
            "time": 1546000200000,
            "timezoneOffset": -480,
            "year": 118
          },
          "openTime_fmt": "2018年12月28日",
          "openTime_fmt1": "20181228",
          "pool": "4,675,447.01",
          "sTime": "2018-12-25 20:25:00",
          "status": 0,
          "term": "18152",
          "totalSales": "14,215,932",
          "totalSales2": "0",
          "totlSaleNews": "",
          "verify": 0
        }
      },
      {
        "codeNumber": [
          "7",
          "1",
          "4",
          "4",
          "9",
          "5",
          "9"
        ],
        "details": [
          {
            "allmoney": "0.00",
            "level": "一等奖",
            "money": "0.00",
            "num": 801,
            "piece": "0",
            "sendPrize": ""
          },
          {
            "allmoney": "286,344.00",
            "level": "二等奖",
            "money": "31,816.00",
            "num": 802,
            "piece": "9",
            "sendPrize": ""
          },
          {
            "allmoney": "219,600.00",
            "level": "三等奖",
            "money": "1,800.00",
            "num": 803,
            "piece": "122",
            "sendPrize": ""
          },
          {
            "allmoney": "444,300.00",
            "level": "四等奖",
            "money": "300.00",
            "num": 804,
            "piece": "1,481",
            "sendPrize": ""
          },
          {
            "allmoney": "360,280.00",
            "level": "五等奖",
            "money": "20.00",
            "num": 805,
            "piece": "18,014",
            "sendPrize": ""
          },
          {
            "allmoney": "1,164,045.00",
            "level": "六等奖",
            "money": "5.00",
            "num": 806,
            "piece": "232,809",
            "sendPrize": ""
          }
        ],
        "lottery": {
          "drawNews": "",
          "fTime": "",
          "isAP": 0,
          "ispool": 0,
          "lType": 8,
          "numSequence": "",
          "numSequence_pool": "",
          "number": "7 1 4 4 9 5 9",
          "number_pool": "",
          "openTime": {
            "date": 25,
            "day": 2,
            "hours": 20,
            "minutes": 30,
            "month": 11,
            "nanos": 0,
            "seconds": 0,
            "time": 1545741000000,
            "timezoneOffset": -480,
            "year": 118
          },
          "openTime_fmt": "2018年12月25日",
          "openTime_fmt1": "20181225",
          "pool": "6,656,931.00",
          "sTime": "2018-12-23 20:25:00",
          "status": 0,
          "term": "18151",
          "totalSales": "10,309,656",
          "totalSales2": "0",
          "totlSaleNews": "",
          "verify": 0
        }
      },
      {
        "codeNumber": [
          "2",
          "6",
          "0",
          "2",
          "0",
          "0",
          "9"
        ],
        "details": [
          {
            "allmoney": "0.00",
            "level": "一等奖",
            "money": "0.00",
            "num": 801,
            "piece": "0",
            "sendPrize": ""
          },
          {
            "allmoney": "258,426.00",
            "level": "二等奖",
            "money": "14,357.00",
            "num": 802,
            "piece": "18",
            "sendPrize": ""
          },
          {
            "allmoney": "250,200.00",
            "level": "三等奖",
            "money": "1,800.00",
            "num": 803,
            "piece": "139",
            "sendPrize": ""
          },
          {
            "allmoney": "559,800.00",
            "level": "四等奖",
            "money": "300.00",
            "num": 804,
            "piece": "1,866",
            "sendPrize": ""
          },
          {
            "allmoney": "430,220.00",
            "level": "五等奖",
            "money": "20.00",
            "num": 805,
            "piece": "21,511",
            "sendPrize": ""
          },
          {
            "allmoney": "1,234,120.00",
            "level": "六等奖",
            "money": "5.00",
            "num": 806,
            "piece": "246,824",
            "sendPrize": ""
          }
        ],
        "lottery": {
          "drawNews": "",
          "fTime": "",
          "isAP": 0,
          "ispool": 0,
          "lType": 8,
          "numSequence": "",
          "numSequence_pool": "",
          "number": "2 6 0 2 0 0 9",
          "number_pool": "",
          "openTime": {
            "date": 23,
            "day": 0,
            "hours": 20,
            "minutes": 30,
            "month": 11,
            "nanos": 0,
            "seconds": 0,
            "time": 1545568200000,
            "timezoneOffset": -480,
            "year": 118
          },
          "openTime_fmt": "2018年12月23日",
          "openTime_fmt1": "20181223",
          "pool": "4,079,775.20",
          "sTime": "2018-12-21 20:25:00",
          "status": 0,
          "term": "18150",
          "totalSales": "10,323,820",
          "totalSales2": "0",
          "totlSaleNews": "",
          "verify": 0
        }
      },
      {
        "codeNumber": [
          "5",
          "7",
          "6",
          "6",
          "2",
          "0",
          "7"
        ],
        "details": [
          {
            "allmoney": "5,000,000.00",
            "level": "一等奖",
            "money": "5,000,000.00",
            "num": 801,
            "piece": "1",
            "sendPrize": ""
          },
          {
            "allmoney": "358,836.00",
            "level": "二等奖",
            "money": "89,709.00",
            "num": 802,
            "piece": "4",
            "sendPrize": ""
          },
          {
            "allmoney": "349,200.00",
            "level": "三等奖",
            "money": "1,800.00",
            "num": 803,
            "piece": "194",
            "sendPrize": ""
          },
          {
            "allmoney": "686,700.00",
            "level": "四等奖",
            "money": "300.00",
            "num": 804,
            "piece": "2,289",
            "sendPrize": ""
          },
          {
            "allmoney": "597,560.00",
            "level": "五等奖",
            "money": "20.00",
            "num": 805,
            "piece": "29,878",
            "sendPrize": ""
          },
          {
            "allmoney": "1,820,145.00",
            "level": "六等奖",
            "money": "5.00",
            "num": 806,
            "piece": "364,029",
            "sendPrize": ""
          }
        ],
        "lottery": {
          "drawNews": "",
          "fTime": "",
          "isAP": 0,
          "ispool": 0,
          "lType": 8,
          "numSequence": "",
          "numSequence_pool": "",
          "number": "5 7 6 6 2 0 7",
          "number_pool": "",
          "openTime": {
            "date": 21,
            "day": 5,
            "hours": 20,
            "minutes": 30,
            "month": 11,
            "nanos": 0,
            "seconds": 0,
            "time": 1545395400000,
            "timezoneOffset": -480,
            "year": 118
          },
          "openTime_fmt": "2018年12月21日",
          "openTime_fmt1": "20181221",
          "pool": "1,753,876.58",
          "sTime": "2018-12-18 20:25:00",
          "status": 0,
          "term": "18149",
          "totalSales": "14,371,382",
          "totalSales2": "0",
          "totlSaleNews": "",
          "verify": 0
        }
      },
      {
        "codeNumber": [
          "2",
          "3",
          "3",
          "2",
          "0",
          "9",
          "4"
        ],
        "details": [
          {
            "allmoney": "0.00",
            "level": "一等奖",
            "money": "0.00",
            "num": 801,
            "piece": "0",
            "sendPrize": ""
          },
          {
            "allmoney": "280,480.00",
            "level": "二等奖",
            "money": "17,530.00",
            "num": 802,
            "piece": "16",
            "sendPrize": ""
          },
          {
            "allmoney": "153,000.00",
            "level": "三等奖",
            "money": "1,800.00",
            "num": 803,
            "piece": "85",
            "sendPrize": ""
          },
          {
            "allmoney": "469,200.00",
            "level": "四等奖",
            "money": "300.00",
            "num": 804,
            "piece": "1,564",
            "sendPrize": ""
          },
          {
            "allmoney": "390,580.00",
            "level": "五等奖",
            "money": "20.00",
            "num": 805,
            "piece": "19,529",
            "sendPrize": ""
          },
          {
            "allmoney": "1,175,495.00",
            "level": "六等奖",
            "money": "5.00",
            "num": 806,
            "piece": "235,099",
            "sendPrize": ""
          }
        ],
        "lottery": {
          "drawNews": "",
          "fTime": "",
          "isAP": 0,
          "ispool": 0,
          "lType": 8,
          "numSequence": "",
          "numSequence_pool": "",
          "number": "2 3 3 2 0 9 4",
          "number_pool": "",
          "openTime": {
            "date": 18,
            "day": 2,
            "hours": 20,
            "minutes": 30,
            "month": 11,
            "nanos": 0,
            "seconds": 0,
            "time": 1545136200000,
            "timezoneOffset": -480,
            "year": 118
          },
          "openTime_fmt": "2018年12月18日",
          "openTime_fmt1": "20181218",
          "pool": "3,524,341.62",
          "sTime": "2018-12-16 20:25:00",
          "status": 0,
          "term": "18148",
          "totalSales": "10,189,998",
          "totalSales2": "0",
          "totlSaleNews": "",
          "verify": 0
        }
      },
      {
        "codeNumber": [
          "5",
          "1",
          "4",
          "1",
          "8",
          "0",
          "0"
        ],
        "details": [
          {
            "allmoney": "29,842,500.00",
            "level": "一等奖",
            "money": "4,973,750.00",
            "num": 801,
            "piece": "6",
            "sendPrize": ""
          },
          {
            "allmoney": "278,234.00",
            "level": "二等奖",
            "money": "25,294.00",
            "num": 802,
            "piece": "11",
            "sendPrize": ""
          },
          {
            "allmoney": "309,600.00",
            "level": "三等奖",
            "money": "1,800.00",
            "num": 803,
            "piece": "172",
            "sendPrize": ""
          },
          {
            "allmoney": "597,000.00",
            "level": "四等奖",
            "money": "300.00",
            "num": 804,
            "piece": "1,990",
            "sendPrize": ""
          },
          {
            "allmoney": "529,340.00",
            "level": "五等奖",
            "money": "20.00",
            "num": 805,
            "piece": "26,467",
            "sendPrize": ""
          },
          {
            "allmoney": "1,517,130.00",
            "level": "六等奖",
            "money": "5.00",
            "num": 806,
            "piece": "303,426",
            "sendPrize": ""
          }
        ],
        "lottery": {
          "drawNews": "",
          "fTime": "",
          "isAP": 0,
          "ispool": 0,
          "lType": 8,
          "numSequence": "",
          "numSequence_pool": "",
          "number": "5 1 4 1 8 0 0",
          "number_pool": "",
          "openTime": {
            "date": 16,
            "day": 0,
            "hours": 20,
            "minutes": 30,
            "month": 11,
            "nanos": 0,
            "seconds": 0,
            "time": 1544963400000,
            "timezoneOffset": -480,
            "year": 118
          },
          "openTime_fmt": "2018年12月16日",
          "openTime_fmt1": "20181216",
          "pool": "1,000,000.00",
          "sTime": "2018-12-14 20:25:00",
          "status": 0,
          "term": "18147",
          "totalSales": "11,705,100",
          "totalSales2": "0",
          "totlSaleNews": "",
          "verify": 0
        }
      },
      {
        "codeNumber": [
          "2",
          "6",
          "8",
          "9",
          "9",
          "5",
          "9"
        ],
        "details": [
          {
            "allmoney": "5,000,000.00",
            "level": "一等奖",
            "money": "5,000,000.00",
            "num": 801,
            "piece": "1",
            "sendPrize": ""
          },
          {
            "allmoney": "409,616.00",
            "level": "二等奖",
            "money": "25,601.00",
            "num": 802,
            "piece": "16",
            "sendPrize": ""
          },
          {
            "allmoney": "302,400.00",
            "level": "三等奖",
            "money": "1,800.00",
            "num": 803,
            "piece": "168",
            "sendPrize": ""
          },
          {
            "allmoney": "777,900.00",
            "level": "四等奖",
            "money": "300.00",
            "num": 804,
            "piece": "2,593",
            "sendPrize": ""
          },
          {
            "allmoney": "630,020.00",
            "level": "五等奖",
            "money": "20.00",
            "num": 805,
            "piece": "31,501",
            "sendPrize": ""
          },
          {
            "allmoney": "1,870,170.00",
            "level": "六等奖",
            "money": "5.00",
            "num": 806,
            "piece": "374,034",
            "sendPrize": ""
          }
        ],
        "lottery": {
          "drawNews": "",
          "fTime": "",
          "isAP": 0,
          "ispool": 0,
          "lType": 8,
          "numSequence": "",
          "numSequence_pool": "",
          "number": "2 6 8 9 9 5 9",
          "number_pool": "",
          "openTime": {
            "date": 14,
            "day": 5,
            "hours": 20,
            "minutes": 30,
            "month": 11,
            "nanos": 0,
            "seconds": 0,
            "time": 1544790600000,
            "timezoneOffset": -480,
            "year": 118
          },
          "openTime_fmt": "2018年12月14日",
          "openTime_fmt1": "20181214",
          "pool": "27,338,314.46",
          "sTime": "2018-12-11 20:25:00",
          "status": 0,
          "term": "18146",
          "totalSales": "15,666,676",
          "totalSales2": "0",
          "totlSaleNews": "",
          "verify": 0
        }
      },
      {
        "codeNumber": [
          "7",
          "2",
          "9",
          "6",
          "2",
          "8",
          "8"
        ],
        "details": [
          {
            "allmoney": "10,000,000.00",
            "level": "一等奖",
            "money": "5,000,000.00",
            "num": 801,
            "piece": "2",
            "sendPrize": ""
          },
          {
            "allmoney": "281,004.00",
            "level": "二等奖",
            "money": "23,417.00",
            "num": 802,
            "piece": "12",
            "sendPrize": ""
          },
          {
            "allmoney": "293,400.00",
            "level": "三等奖",
            "money": "1,800.00",
            "num": 803,
            "piece": "163",
            "sendPrize": ""
          },
          {
            "allmoney": "568,800.00",
            "level": "四等奖",
            "money": "300.00",
            "num": 804,
            "piece": "1,896",
            "sendPrize": ""
          },
          {
            "allmoney": "486,040.00",
            "level": "五等奖",
            "money": "20.00",
            "num": 805,
            "piece": "24,302",
            "sendPrize": ""
          },
          {
            "allmoney": "1,477,510.00",
            "level": "六等奖",
            "money": "5.00",
            "num": 806,
            "piece": "295,502",
            "sendPrize": ""
          }
        ],
        "lottery": {
          "drawNews": "",
          "fTime": "",
          "isAP": 0,
          "ispool": 0,
          "lType": 8,
          "numSequence": "",
          "numSequence_pool": "",
          "number": "7 2 9 6 2 8 8",
          "number_pool": "",
          "openTime": {
            "date": 11,
            "day": 2,
            "hours": 20,
            "minutes": 30,
            "month": 11,
            "nanos": 0,
            "seconds": 0,
            "time": 1544531400000,
            "timezoneOffset": -480,
            "year": 118
          },
          "openTime_fmt": "2018年12月11日",
          "openTime_fmt1": "20181211",
          "pool": "28,651,751.34",
          "sTime": "2018-12-09 20:25:00",
          "status": 0,
          "term": "18145",
          "totalSales": "11,501,718",
          "totalSales2": "0",
          "totlSaleNews": "",
          "verify": 0
        }
      },
      {
        "codeNumber": [
          "7",
          "1",
          "5",
          "6",
          "6",
          "9",
          "1"
        ],
        "details": [
          {
            "allmoney": "0.00",
            "level": "一等奖",
            "money": "0.00",
            "num": 801,
            "piece": "0",
            "sendPrize": ""
          },
          {
            "allmoney": "291,080",
            "level": "二等奖",
            "money": "29,108",
            "num": 802,
            "piece": "10",
            "sendPrize": ""
          },
          {
            "allmoney": "208,800.00",
            "level": "三等奖",
            "money": "1,800.00",
            "num": 803,
            "piece": "116",
            "sendPrize": ""
          },
          {
            "allmoney": "590,100.00",
            "level": "四等奖",
            "money": "300.00",
            "num": 804,
            "piece": "1,967",
            "sendPrize": ""
          },
          {
            "allmoney": "486,740.00",
            "level": "五等奖",
            "money": "20.00",
            "num": 805,
            "piece": "24,337",
            "sendPrize": ""
          },
          {
            "allmoney": "1,473,915.00",
            "level": "六等奖",
            "money": "5.00",
            "num": 806,
            "piece": "294,783",
            "sendPrize": ""
          }
        ],
        "lottery": {
          "drawNews": "",
          "fTime": "",
          "isAP": 0,
          "ispool": 0,
          "lType": 8,
          "numSequence": "",
          "numSequence_pool": "",
          "number": "7 1 5 6 6 9 1",
          "number_pool": "",
          "openTime": {
            "date": 9,
            "day": 0,
            "hours": 20,
            "minutes": 30,
            "month": 11,
            "nanos": 0,
            "seconds": 0,
            "time": 1544358600000,
            "timezoneOffset": -480,
            "year": 118
          },
          "openTime_fmt": "2018年12月09日",
          "openTime_fmt1": "20181209",
          "pool": "36,122,668.70",
          "sTime": "2018-12-07 20:25:00",
          "status": 0,
          "term": "18144",
          "totalSales": "11,572,334",
          "totalSales2": "0",
          "totlSaleNews": "",
          "verify": 0
        }
      },
      {
        "codeNumber": [
          "4",
          "2",
          "2",
          "1",
          "6",
          "6",
          "9"
        ],
        "details": [
          {
            "allmoney": "25,000,000",
            "level": "一等奖",
            "money": "5,000,000",
            "num": 801,
            "piece": "5",
            "sendPrize": ""
          },
          {
            "allmoney": "361,503",
            "level": "二等奖",
            "money": "13,389",
            "num": 802,
            "piece": "27",
            "sendPrize": ""
          },
          {
            "allmoney": "507,600.00",
            "level": "三等奖",
            "money": "1,800.00",
            "num": 803,
            "piece": "282",
            "sendPrize": ""
          },
          {
            "allmoney": "986,400.00",
            "level": "四等奖",
            "money": "300.00",
            "num": 804,
            "piece": "3,288",
            "sendPrize": ""
          },
          {
            "allmoney": "731,380.00",
            "level": "五等奖",
            "money": "20.00",
            "num": 805,
            "piece": "36,569",
            "sendPrize": ""
          },
          {
            "allmoney": "2,155,720.00",
            "level": "六等奖",
            "money": "5.00",
            "num": 806,
            "piece": "431,144",
            "sendPrize": ""
          }
        ],
        "lottery": {
          "drawNews": "",
          "fTime": "",
          "isAP": 0,
          "ispool": 0,
          "lType": 8,
          "numSequence": "",
          "numSequence_pool": "",
          "number": "4 2 2 1 6 6 9",
          "number_pool": "",
          "openTime": {
            "date": 7,
            "day": 5,
            "hours": 20,
            "minutes": 30,
            "month": 11,
            "nanos": 0,
            "seconds": 0,
            "time": 1544185800000,
            "timezoneOffset": -480,
            "year": 118
          },
          "openTime_fmt": "2018年12月07日",
          "openTime_fmt1": "20181207",
          "pool": "33,502,868.91",
          "sTime": "2018-12-04 20:25:00",
          "status": 0,
          "term": "18143",
          "totalSales": "16,318,842",
          "totalSales2": "0",
          "totlSaleNews": "",
          "verify": 0
        }
      },
      {
        "codeNumber": [
          "5",
          "0",
          "0",
          "1",
          "4",
          "0",
          "7"
        ],
        "details": [
          {
            "allmoney": "0.00",
            "level": "一等奖",
            "money": "0.00",
            "num": 801,
            "piece": "0",
            "sendPrize": ""
          },
          {
            "allmoney": "307,204",
            "level": "二等奖",
            "money": "76,801",
            "num": 802,
            "piece": "4",
            "sendPrize": ""
          },
          {
            "allmoney": "307,800.00",
            "level": "三等奖",
            "money": "1,800.00",
            "num": 803,
            "piece": "171",
            "sendPrize": ""
          },
          {
            "allmoney": "592,200.00",
            "level": "四等奖",
            "money": "300.00",
            "num": 804,
            "piece": "1,974",
            "sendPrize": ""
          },
          {
            "allmoney": "482,980.00",
            "level": "五等奖",
            "money": "20.00",
            "num": 805,
            "piece": "24,149",
            "sendPrize": ""
          },
          {
            "allmoney": "1,505,690.00",
            "level": "六等奖",
            "money": "5.00",
            "num": 806,
            "piece": "301,138",
            "sendPrize": ""
          }
        ],
        "lottery": {
          "drawNews": "",
          "fTime": "",
          "isAP": 0,
          "ispool": 0,
          "lType": 8,
          "numSequence": "",
          "numSequence_pool": "",
          "number": "5 0 0 1 4 0 7",
          "number_pool": "",
          "openTime": {
            "date": 4,
            "day": 2,
            "hours": 20,
            "minutes": 30,
            "month": 11,
            "nanos": 0,
            "seconds": 0,
            "time": 1543926600000,
            "timezoneOffset": -480,
            "year": 118
          },
          "openTime_fmt": "2018年12月04日",
          "openTime_fmt1": "20181204",
          "pool": "55,249,249.59",
          "sTime": "2018-12-02 20:25:00",
          "status": 0,
          "term": "18142",
          "totalSales": "12,164,732",
          "totalSales2": "0",
          "totlSaleNews": "",
          "verify": 0
        }
      },
      {
        "codeNumber": [
          "5",
          "3",
          "9",
          "5",
          "3",
          "4",
          "4"
        ],
        "details": [
          {
            "allmoney": "0.00",
            "level": "一等奖",
            "money": "0.00",
            "num": 801,
            "piece": "0",
            "sendPrize": ""
          },
          {
            "allmoney": "374,209.00",
            "level": "二等奖",
            "money": "34,019.00",
            "num": 802,
            "piece": "11",
            "sendPrize": ""
          },
          {
            "allmoney": "145,800.00",
            "level": "三等奖",
            "money": "1,800.00",
            "num": 803,
            "piece": "81",
            "sendPrize": ""
          },
          {
            "allmoney": "435,600.00",
            "level": "四等奖",
            "money": "300.00",
            "num": 804,
            "piece": "1,452",
            "sendPrize": ""
          },
          {
            "allmoney": "406,380.00",
            "level": "五等奖",
            "money": "20.00",
            "num": 805,
            "piece": "20,319",
            "sendPrize": ""
          },
          {
            "allmoney": "1,322,830.00",
            "level": "六等奖",
            "money": "5.00",
            "num": 806,
            "piece": "264,566",
            "sendPrize": ""
          }
        ],
        "lottery": {
          "drawNews": "",
          "fTime": "",
          "isAP": 0,
          "ispool": 0,
          "lType": 8,
          "numSequence": "",
          "numSequence_pool": "",
          "number": "5 3 9 5 3 4 4",
          "number_pool": "",
          "openTime": {
            "date": 2,
            "day": 0,
            "hours": 20,
            "minutes": 30,
            "month": 11,
            "nanos": 0,
            "seconds": 0,
            "time": 1543753800000,
            "timezoneOffset": -480,
            "year": 118
          },
          "openTime_fmt": "2018年12月02日",
          "openTime_fmt1": "20181202",
          "pool": "52,484,405.78",
          "sTime": "2018-11-30 20:25:00",
          "status": 0,
          "term": "18141",
          "totalSales": "12,352,650",
          "totalSales2": "0",
          "totlSaleNews": "",
          "verify": 0
        }
      },
      {
        "codeNumber": [
          "5",
          "5",
          "8",
          "0",
          "9",
          "1",
          "4"
        ],
        "details": [
          {
            "allmoney": "0.00",
            "level": "一等奖",
            "money": "0.00",
            "num": 801,
            "piece": "0",
            "sendPrize": ""
          },
          {
            "allmoney": "385,138",
            "level": "二等奖",
            "money": "29,626",
            "num": 802,
            "piece": "13",
            "sendPrize": ""
          },
          {
            "allmoney": "426,600.00",
            "level": "三等奖",
            "money": "1,800.00",
            "num": 803,
            "piece": "237",
            "sendPrize": ""
          },
          {
            "allmoney": "959,400.00",
            "level": "四等奖",
            "money": "300.00",
            "num": 804,
            "piece": "3,198",
            "sendPrize": ""
          },
          {
            "allmoney": "725,400.00",
            "level": "五等奖",
            "money": "20.00",
            "num": 805,
            "piece": "36,270",
            "sendPrize": ""
          },
          {
            "allmoney": "2,126,620.00",
            "level": "六等奖",
            "money": "5.00",
            "num": 806,
            "piece": "425,324",
            "sendPrize": ""
          }
        ],
        "lottery": {
          "drawNews": "",
          "fTime": "",
          "isAP": 0,
          "ispool": 0,
          "lType": 8,
          "numSequence": "",
          "numSequence_pool": "",
          "number": "5 5 8 0 9 1 4",
          "number_pool": "",
          "openTime": {
            "date": 30,
            "day": 5,
            "hours": 20,
            "minutes": 30,
            "month": 10,
            "nanos": 0,
            "seconds": 0,
            "time": 1543581000000,
            "timezoneOffset": -480,
            "year": 118
          },
          "openTime_fmt": "2018年11月30日",
          "openTime_fmt1": "20181130",
          "pool": "49,116,436.13",
          "sTime": "2018-11-27 20:25:00",
          "status": 0,
          "term": "18140",
          "totalSales": "16,509,210",
          "totalSales2": "0",
          "totlSaleNews": "",
          "verify": 0
        }
      },
      {
        "codeNumber": [
          "7",
          "3",
          "3",
          "5",
          "2",
          "7",
          "8"
        ],
        "details": [
          {
            "allmoney": "0.00",
            "level": "一等奖",
            "money": "0.00",
            "num": 801,
            "piece": "0",
            "sendPrize": ""
          },
          {
            "allmoney": "289,445",
            "level": "二等奖",
            "money": "22,265",
            "num": 802,
            "piece": "13",
            "sendPrize": ""
          },
          {
            "allmoney": "329,400.00",
            "level": "三等奖",
            "money": "1,800.00",
            "num": 803,
            "piece": "183",
            "sendPrize": ""
          },
          {
            "allmoney": "621,000.00",
            "level": "四等奖",
            "money": "300.00",
            "num": 804,
            "piece": "2,070",
            "sendPrize": ""
          },
          {
            "allmoney": "503,200.00",
            "level": "五等奖",
            "money": "20.00",
            "num": 805,
            "piece": "25,160",
            "sendPrize": ""
          },
          {
            "allmoney": "1,494,800.00",
            "level": "六等奖",
            "money": "5.00",
            "num": 806,
            "piece": "298,960",
            "sendPrize": ""
          }
        ],
        "lottery": {
          "drawNews": "",
          "fTime": "",
          "isAP": 0,
          "ispool": 0,
          "lType": 8,
          "numSequence": "",
          "numSequence_pool": "",
          "number": "7 3 3 5 2 7 8",
          "number_pool": "",
          "openTime": {
            "date": 27,
            "day": 2,
            "hours": 20,
            "minutes": 30,
            "month": 10,
            "nanos": 0,
            "seconds": 0,
            "time": 1543321800000,
            "timezoneOffset": -480,
            "year": 118
          },
          "openTime_fmt": "2018年11月27日",
          "openTime_fmt1": "20181127",
          "pool": "45,650,092.52",
          "sTime": "2018-11-25 20:25:00",
          "status": 0,
          "term": "18139",
          "totalSales": "11,924,216",
          "totalSales2": "0",
          "totlSaleNews": "",
          "verify": 0
        }
      },
      {
        "codeNumber": [
          "8",
          "9",
          "0",
          "2",
          "9",
          "0",
          "0"
        ],
        "details": [
          {
            "allmoney": "0.00",
            "level": "一等奖",
            "money": "0.00",
            "num": 801,
            "piece": "0",
            "sendPrize": ""
          },
          {
            "allmoney": "336,824",
            "level": "二等奖",
            "money": "84,206",
            "num": 802,
            "piece": "4",
            "sendPrize": ""
          },
          {
            "allmoney": "221,400.00",
            "level": "三等奖",
            "money": "1,800.00",
            "num": 803,
            "piece": "123",
            "sendPrize": ""
          },
          {
            "allmoney": "489,600.00",
            "level": "四等奖",
            "money": "300.00",
            "num": 804,
            "piece": "1,632",
            "sendPrize": ""
          },
          {
            "allmoney": "445,060.00",
            "level": "五等奖",
            "money": "20.00",
            "num": 805,
            "piece": "22,253",
            "sendPrize": ""
          },
          {
            "allmoney": "1,389,000.00",
            "level": "六等奖",
            "money": "5.00",
            "num": 806,
            "piece": "277,800",
            "sendPrize": ""
          }
        ],
        "lottery": {
          "drawNews": "",
          "fTime": "",
          "isAP": 0,
          "ispool": 0,
          "lType": 8,
          "numSequence": "",
          "numSequence_pool": "",
          "number": "8 9 0 2 9 0 0",
          "number_pool": "",
          "openTime": {
            "date": 25,
            "day": 0,
            "hours": 20,
            "minutes": 30,
            "month": 10,
            "nanos": 0,
            "seconds": 0,
            "time": 1543149000000,
            "timezoneOffset": -480,
            "year": 118
          },
          "openTime_fmt": "2018年11月25日",
          "openTime_fmt1": "20181125",
          "pool": "43,045,073.26",
          "sTime": "2018-11-23 20:25:00",
          "status": 0,
          "term": "18138",
          "totalSales": "12,068,032",
          "totalSales2": "0",
          "totlSaleNews": "",
          "verify": 0
        }
      },
      {
        "codeNumber": [
          "5",
          "3",
          "1",
          "0",
          "9",
          "7",
          "6"
        ],
        "details": [
          {
            "allmoney": "0.00",
            "level": "一等奖",
            "money": "0.00",
            "num": 801,
            "piece": "0",
            "sendPrize": ""
          },
          {
            "allmoney": "396,639",
            "level": "二等奖",
            "money": "44,071",
            "num": 802,
            "piece": "9",
            "sendPrize": ""
          },
          {
            "allmoney": "343,800.00",
            "level": "三等奖",
            "money": "1,800.00",
            "num": 803,
            "piece": "191",
            "sendPrize": ""
          },
          {
            "allmoney": "811,800.00",
            "level": "四等奖",
            "money": "300.00",
            "num": 804,
            "piece": "2,706",
            "sendPrize": ""
          },
          {
            "allmoney": "697,140.00",
            "level": "五等奖",
            "money": "20.00",
            "num": 805,
            "piece": "34,857",
            "sendPrize": ""
          },
          {
            "allmoney": "2,071,530.00",
            "level": "六等奖",
            "money": "5.00",
            "num": 806,
            "piece": "414,306",
            "sendPrize": ""
          }
        ],
        "lottery": {
          "drawNews": "",
          "fTime": "",
          "isAP": 0,
          "ispool": 0,
          "lType": 8,
          "numSequence": "",
          "numSequence_pool": "",
          "number": "5 3 1 0 9 7 6",
          "number_pool": "",
          "openTime": {
            "date": 23,
            "day": 5,
            "hours": 20,
            "minutes": 30,
            "month": 10,
            "nanos": 0,
            "seconds": 0,
            "time": 1542976200000,
            "timezoneOffset": -480,
            "year": 118
          },
          "openTime_fmt": "2018年11月23日",
          "openTime_fmt1": "20181123",
          "pool": "40,013,625.15",
          "sTime": "2018-11-20 20:25:00",
          "status": 0,
          "term": "18137",
          "totalSales": "16,103,480",
          "totalSales2": "0",
          "totlSaleNews": "",
          "verify": 0
        }
      },
      {
        "codeNumber": [
          "2",
          "4",
          "7",
          "6",
          "7",
          "0",
          "0"
        ],
        "details": [
          {
            "allmoney": "0.00",
            "level": "一等奖",
            "money": "0.00",
            "num": 801,
            "piece": "0",
            "sendPrize": ""
          },
          {
            "allmoney": "314,864",
            "level": "二等奖",
            "money": "39,358",
            "num": 802,
            "piece": "8",
            "sendPrize": ""
          },
          {
            "allmoney": "183,600.00",
            "level": "三等奖",
            "money": "1,800.00",
            "num": 803,
            "piece": "102",
            "sendPrize": ""
          },
          {
            "allmoney": "519,300.00",
            "level": "四等奖",
            "money": "300.00",
            "num": 804,
            "piece": "1,731",
            "sendPrize": ""
          },
          {
            "allmoney": "451,380.00",
            "level": "五等奖",
            "money": "20.00",
            "num": 805,
            "piece": "22,569",
            "sendPrize": ""
          },
          {
            "allmoney": "1,393,975.00",
            "level": "六等奖",
            "money": "5.00",
            "num": 806,
            "piece": "278,795",
            "sendPrize": ""
          }
        ],
        "lottery": {
          "drawNews": "",
          "fTime": "",
          "isAP": 0,
          "ispool": 0,
          "lType": 8,
          "numSequence": "",
          "numSequence_pool": "",
          "number": "2 4 7 6 7 0 0",
          "number_pool": "",
          "openTime": {
            "date": 20,
            "day": 2,
            "hours": 20,
            "minutes": 30,
            "month": 10,
            "nanos": 0,
            "seconds": 0,
            "time": 1542717000000,
            "timezoneOffset": -480,
            "year": 118
          },
          "openTime_fmt": "2018年11月20日",
          "openTime_fmt1": "20181120",
          "pool": "36,443,833.47",
          "sTime": "2018-11-18 20:25:00",
          "status": 0,
          "term": "18136",
          "totalSales": "11,626,478",
          "totalSales2": "0",
          "totlSaleNews": "",
          "verify": 0
        }
      },
      {
        "codeNumber": [
          "5",
          "8",
          "8",
          "1",
          "1",
          "2",
          "2"
        ],
        "details": [
          {
            "allmoney": "0.00",
            "level": "一等奖",
            "money": "0.00",
            "num": 801,
            "piece": "0",
            "sendPrize": ""
          },
          {
            "allmoney": "143,600",
            "level": "二等奖",
            "money": "7,180",
            "num": 802,
            "piece": "20",
            "sendPrize": ""
          },
          {
            "allmoney": "547,200.00",
            "level": "三等奖",
            "money": "1,800.00",
            "num": 803,
            "piece": "304",
            "sendPrize": ""
          },
          {
            "allmoney": "1,220,700.00",
            "level": "四等奖",
            "money": "300.00",
            "num": 804,
            "piece": "4,069",
            "sendPrize": ""
          },
          {
            "allmoney": "748,700.00",
            "level": "五等奖",
            "money": "20.00",
            "num": 805,
            "piece": "37,435",
            "sendPrize": ""
          },
          {
            "allmoney": "1,787,400.00",
            "level": "六等奖",
            "money": "5.00",
            "num": 806,
            "piece": "357,480",
            "sendPrize": ""
          }
        ],
        "lottery": {
          "drawNews": "",
          "fTime": "",
          "isAP": 0,
          "ispool": 0,
          "lType": 8,
          "numSequence": "",
          "numSequence_pool": "",
          "number": "5 8 8 1 1 2 2",
          "number_pool": "",
          "openTime": {
            "date": 18,
            "day": 0,
            "hours": 20,
            "minutes": 30,
            "month": 10,
            "nanos": 0,
            "seconds": 0,
            "time": 1542544200000,
            "timezoneOffset": -480,
            "year": 118
          },
          "openTime_fmt": "2018年11月18日",
          "openTime_fmt1": "20181118",
          "pool": "33,609,986.17",
          "sTime": "2018-11-16 20:25:00",
          "status": 0,
          "term": "18135",
          "totalSales": "11,714,544",
          "totalSales2": "0",
          "totlSaleNews": "",
          "verify": 0
        }
      }
    ]
  }
]